2296 3908
201 123 282 189 3094
382 104 444 175 De
472 105 676 172 Norunt
704 86 928 168 Deotruur·

202 212 482 287 comicae‚pammne
495 212 602 288 semper
615 214 645 273 in
659 213 766 272 ratione
781 202 944 269 versantur?
963 205 1083 282 parum&

203 304 241 349 ue
257 287 388 348 subtiliter
402 288 575 366 disputatille
590 293 618 349 in
632 287 794 348 Eunucho?
843 362 849 374 .

422 406 424 411 -
515 394 591 411 -
611 366 676 444 quid
696 365 777 441 igitur
790 366 915 437 fatum!

288 441 423 520 Exelufie,
442 458 564 501 revocat:
582 443 705 502 redeam?
724 461 794 511 uon,
805 436 832 510 β
844 459 884 497 me
896 435 1020 513 obsecret.

212 515 260 577 llle
281 517 350 577 vero
372 523 402 578 in
422 520 591 596 Synephebis
620 517 859 577 Academicorum
881 531 964 574 more
987 521 1083 600 contre

211 611 396 654 communem
417 597 582 671 opinionem
604 612 664 654 non
689 594 795 654 dubitat
816 607 939 668 pugnare
958 601 1085 673 ratione,

100 671 126 719 Ρ·
142 667 168 718 Β·
214 671 263 746 qui
276 671 306 729 iu
319 690 406 729 amore
414 674 538 746 summo,
554 673 710 748 summaque
725 671 810 746 inopia
820 670 907 740 suave
922 663 1068 742 effodiat,

295 756 433 805 Parentum
448 747 689 816 babete'avurum,
709 747 859 822 illepidam,
878 744 908 800 in
923 742 1019 801 liberos

55 853 84 907 vp
96 838 134 900 sui
145 837 197 889 MS.
298 822 450 896 Difficilem,
471 825 517 901 qui
529 840 554 881 te
570 839 714 891 natumst,
735 843 780 880 nea
789 821 893 895 studeat
909 817 987 876 Paul.

173 925 208 985 73
257 899 353 976 Atque
366 900 431 958 huic
444 899 595 959 incredibili
609 899 751 958 sententiae
771 894 934 956 ratiunculas
956 889 1084 969 suggerit:

296 978 358 1035 ¹Aru
373 991 403 1033 tu
415 975 493 1035 illum
500 979 594 1048 frusta
602 976 706 1047 fallat:
726 991 774 1033 aut
785 989 830 1051 per
841 973 945 1030 litterar

296 1056 417 1115 Avertat
431 1051 538 1130 aliquod
550 1066 659 1109 nomen:
679 1067 728 1110 aut
739 1065 783 1128 per
791 1049 927 1122 servolum
1000 1050 1003 1056 '

257 1192 259 1197 ,
300 1129 434 1186 Pertutiat
444 1128 585 1203 pavidum.
601 1129 739 1203 pestremo,
759 1127 862 1201 riperto
874 1138 953 1200 patre

301 1204 381 1278 Quod
394 1206 498 1283 sumap,
517 1205 642 1281 ⁶quanto
658 1202 756 1280 difflpat
769 1203 912 1260 libentius?

225 1279 362 1354 Idemque
381 1280 491 1343 facilem
515 1282 545 1339 &
567 1279 706 1339 liberalem
728 1289 852 1356 patrem,
873 1272 1089 1336 incommodum

227 1352 279 1415 effe
293 1357 397 1414 amanti
410 1354 468 1415 filio
484 1356 615 1431 disputat:
635 1374 720 1434 quern
969 1356 989 1434 j
1039 1400 1042 1405 -

305 1441 395 1508 Neque
407 1452 457 1510 quo
467 1438 541 1508 patio
550 1433 669 1503 fallam,
692 1443 795 1510 7neque
808 1431 872 1510 quid
886 1429 948 1487 inde
964 1431 1090 1502 auferam,

306 1517 361 1564 Nec
376 1529 452 1585 quem
465 1510 553 1566 dolum
569 1511 607 1566 ad
621 1530 680 1569 eum
690 1526 753 1577 ,aut
764 1508 919 1566 machinam
933 1506 1091 1572 commoliar,

305 1583 358 1640 scio
372 1584 526 1662 quidquam.
546 1586 587 1643 ita
601 1605 686 1642 omues
700 1605 765 1644 meos
781 1586 865 1650 dolos,
880 1580 1031 1656 fallacias,

81 1685 98 1732 q
112 1666 205 1734 prestin-
303 1661 443 1735 Prodigias
456 1661 631 1738 upreflrinxit
644 1662 811 1721 commoditas
820 1660 913 1737 patris.

81 1728 208 1784 ΨΜ·
229 1749 330 1826 ⁸Quid
344 1769 409 1827 ergo
427 1752 467 1812 isti
488 1753 570 1813 doli?
609 1754 677 1832 quid
700 1751 865 1815 machinae?
891 1749 961 1827 quid
984 1746 1095 1809 fallacia

33 1836 37 1853 ¹
83 1846 85 1853 ‘
220 1827 448 1905 ‘praestigiaequei
467 1848 535 1888 num
551 1830 607 1890 fine
622 1834 729 1890 ratione
745 1832 798 1890 elle
811 1825 1097 1907 potuerunr?0prae·

233 1904 335 1963 clatum
351 1921 452 1964 munus
464 1906 598 1966 deorum!
620 1921 650 1966 ut
665 1909 797 1968 Phormio
811 1906 892 1983 pollit
905 1903 1002 1962 dicere
1016 1948 1026 1975 ,

310 1991 378 2048 Cedo
387 1991 482 2064 senem.
497 1992 557 2068 jam
571 1990 696 2062 iossrulia
705 1992 771 2050 mili
778 1994 847 2069 suut
863 1992 893 2048 in
907 1986 982 2045 totle
998 1988 1097 2068 confilie

385 2088 426 2124 om
476 2110 483 2128 .

190 2173 225 2230 74
271 2143 359 2202 XXX.
375 2088 643 2203 'siluerimus
664 2145 680 2204 ὲ
701 2147 832 2205 theatro:
853 2146 1001 2204 veniamus
1017 2145 1045 2202 in
1060 2143 1103 2201 fo·

233 2238 313 2288 rum,
333 2217 449 2279 asellum
465 2223 504 2279 ite
518 2239 624 2295 precor.
662 2222 749 2298 quid?
769 2236 799 2280 ut
809 2220 973 2296 judicetur,
995 2221 1043 2296 qui
1060 2231 1100 2275 ta-

98 2366 102 2375 .
207 2282 366 2354 “brrlarium
381 2297 541 2355 incenderit.
580 2299 668 2372 Quod
683 2300 787 2357 facinus
802 2295 957 2354 occultius?
978 2297 1020 2355 At
1029 2296 1056 2353 se
1064 2296 1103 2370 Q.

233 2370 341 2439 Sosius,
361 2371 512 2443 splendidus
527 2390 611 2447 eques
627 2375 769 2433 Romanus
785 2391 819 2430 ex
835 2390 901 2447 agro
916 2374 1042 2441 Piceno,
1062 2373 1102 2428 fe·

186 2440 188 2459 '
235 2444 297 2505 cille
311 2445 446 2507 confelius
467 2448 513 2508 est.
551 2451 610 2525 Qui
632 2450 832 2525 transscripserit
852 2449 954 2528 tabulas
976 2449 1106 2583 puhlicalsd.

273 2685 295 2725 6.
313 2679 398 2736 Quaen
415 2677 498 2742 dr'ffipm
515 2680 634 2738 libentiae]
665 2679 713 2729 Pal.
726 2693 759 2741 pt.
774 2679 865 2790 Δι’]ᾕζξε.Ι
878 2676 921 2751 sec.
937 2691 966 2726 ae
982 2681 1010 2728 P.
1020 2674 1106 2740 diffipet.

242 2741 341 2789 alterum
352 2742 454 2804 praeponi
466 2755 557 2806 poterat
569 2743 674 2807 vulgato.
690 2757 747 2790 nam
756 2746 818 2790 Lam
834 2756 868 2789 rnr
880 2740 974 2807 dqfieis,
991 2742 1065 2790 nimis
1075 2738 1108 2789 se·

244 2803 275 2853 ne
286 2801 360 2865 longe
371 2807 479 2866 petitum.
497 2803 567 2855 habet
578 2807 625 2855 Pul.
637 2818 732 2870 quartus
749 2806 807 2854 alias
822 2804 904 2865 defipis.
939 2805 1037 2858 Gentes.
1103 2845 1106 2850 .

274 2882 297 2915 7.
315 2875 384 2928 Neque
394 2869 449 2930 quid
460 2869 508 2914 iude
517 2869 636 2928 auferam]
665 2869 712 2918 Pal.
728 2883 763 2932 pt.
778 2882 805 2917 nc
816 2865 860 2921 sec.
873 2867 931 2916 item
944 2871 967 2914 1’.
980 2870 1048 2930 ueqtt'e
1057 2865 1108 2917 uude

242 2928 348 2988 auferam.
359 2929 436 2978 nihilo
447 2932 518 2994 pejus.
534 2934 622 2982 Gruter.
639 2929 722 2981 Bullid.
733 2947 799 2993 oeque
808 2944 832 2978 ue
843 2930 898 2978 inde.
932 2931 1048 2980 Gronov.

274 3001 296 3040 8.
316 2994 379 3054 Quid
387 3008 432 3054 erge
443 2993 481 3049 illi
489 2995 551 3040 dolis
567 2995 683 3055 quaeue]
704 2993 834 3042 Lambinus·
844 2990 937 3056 legebat
950 2993 977 3040 δι
989 2994 1110 3057 interpun-

180 3050 188 3068 ¹
243 3053 330 3116 gebat:
343 3055 408 3114 Qt‘d
418 3063 481 3116 ergo?
497 3055 535 3112 isti
543 3058 591 3102 dole*
599 3060 669 3118 quid?
685 3058 785 3105 maehina
794 3056 868 3122 quid?
881 3055 979 3114 fallacie
993 3058 1111 3120 prestigia·

243 3116 690 3240 quqnogejsqqrmriqeqqqchpqsqlpozeqrmuqqgus
700 3183 725 3232 iu
737 3183 843 3246 quodum
859 3185 909 3231 MS.
923 3181 1025 3244 reperit,
1035 3178 1112 3241 seffora

245 3253 354 3302 reptatur.
386 3245 460 3290 Cotta
471 3245 561 3292 amicos
572 3243 624 3293 suos
635 3242 699 3303 quali
714 3247 801 3296 ducens
818 3244 848 3294 ad
867 3243 974 3294 subsellia
991 3243 1114 3304 jrrdicrunt

246 3305 384 3376 nonmagis
396 3318 437 3365 eos
448 3305 497 3353 vult
507 3304 584 3355 facere
594 3307 681 3367 judices
690 3323 763 3373 quatu
779 3309 854 3357 voluit
870 3323 911 3359 eos
927 3305 1006 3355 facere
1023 3307 1114 3356 auore

247 3363 365 3421 stentem,
381 3365 467 3416 ducens
477 3381 518 3416 eos
530 3369 553 3416 in
564 3369 691 3421 theatrum.
724 3373 793 3425 Nihil
803 3372 884 3441 quatit
896 3368 939 3425 nili
948 3370 979 3420 lis
990 3371 1073 3423 ratior
1082 3368 1114 3417 ri·

246 3428 588 3503 tacmmoboeuloeponere.
621 3436 720 3487 Bouhier.
779 3492 783 3497 ,
1088 3497 1113 3549 l«

539 3527 543 3531 ⁴
1035 3512 1074 3552 10.
