2296 3908
175 186 177 195 a
214 130 296 222 2890
392 137 458 210 De
479 137 680 209 Narona
700 116 898 206 Dnonuu

211 249 324 327 Epicuri
337 250 528 312 intermundiis
544 251 736 313 descendisset:
758 251 879 322 Audite,
898 251 1007 328 inquit,
1028 270 1090 317 non

58 333 85 377 Β
99 331 167 396 eom·
211 327 303 397 futiles
317 332 611 406 tncommenticiasque
625 333 786 398 sententias,
806 346 866 386 non
889 329 1021 406 opificem
1051 351 1091 390 ae·

57 396 192 496 m‘nffW'
210 402 440 484 dificatoremque
454 407 551 466 mundi
571 407 691 467 Platonis
711 407 746 466 de
768 406 885 465 Timaeo
908 405 1010 465 deum:
1033 426 1089 467 nec

19 490 21 498 '
57 460 105 512 ΨΩ
139 467 165 502 ”·
209 498 296 540 anum
311 483 451 542 fatidicam
468 484 626 542 Stoicorum
642 485 781 552 ornianus,
802 499 887 558 quam
903 482 1004 542 Latine
1020 485 1088 544 licet

207 557 413 634 providentiam
430 560 539 618 dicere:
561 569 653 636 neque
668 559 737 619 vero
754 558 1012 634 manuscriptum,
1028 563 1089 620 ani-

208 651 260 694 mo
276 636 306 694 &
319 635 434 695 lentibus
449 637 613 712 praeditum,
633 637 802 705 rotundum,
822 634 964 694 ardentem
975 647 1019 704 ,²¹
1036 656 1089 696 vo-

205 710 320 770 lubilem
333 712 437 780 deum,
457 727 585 788 portenta
612 709 788 772 &miracula
811 729 870 771 non
893 710 1084 774 differentium

207 786 456 864 philosophorum,
474 789 519 848 fed
533 790 741 863 somniantium.
1103 798 1106 805 '

67 896 97 947 ,b-
164 891 200 952 19
248 867 357 940 Quibus
372 868 448 927 enirn
465 865 552 925 oculis
566 868 652 927 animi
667 866 768 927 intueri
781 868 875 942 potuit
894 864 981 925 vellet
1002 865 1084 928 Plato

207 938 339 1001 fabricam
354 942 429 1001 illam
445 944 513 1005 tanti
529 945 637 1018 operis,
656 941 712 1020 qui
725 943 845 1002 construi
873 941 889 1000 a
912 942 968 1001 deo
997 956 1094 1020 atquo

206 1017 336 1085 aedilicari
350 1019 488 1078 mundum
504 1018 592 1078 facit?
611 1039 676 1096 quae
692 1020 803 1085 molitio
817 1018 829 1076 ἓ
843 1020 912 1095 'quae
927 1020 1083 1080 ferramen-

203 1092 254 1153 ta?
273 1096 322 1172 qui
336 1095 449 1155 tedes?
469 1113 533 1172 quae
549 1097 707 1162 machinae?
727 1098 775 1173 qui
795 1096 909 1154 ministri
930 1098 998 1153 tanti
1015 1115 1083 1159 mu·

205 1172 277 1230 neris
290 1171 423 1243 fuerunt?
443 1172 683 1248 quemadmodum
699 1187 794 1232 autern
817 1171 930 1230 obedire
950 1175 979 1230 &
999 1190 1081 1247 pare·

203 1265 234 1306 re
249 1248 385 1307 voluntati
398 1247 537 1315 architedii
552 1268 614 1318 aet,
632 1251 719 1324 ignis,
739 1260 902 1325 aqua,terra
912 1249 1080 1322 potuerunt?

89 1326 115 1380 f.
126 1331 166 1379 vl.
205 1323 292 1388 Unde
306 1324 375 1383 veri)
391 1339 461 1392 ortae
475 1326 529 1384 illae
543 1328 666 1403 quinque
681 1328 799 1394 formae,
819 1326 958 1397 exquibus
972 1325 1080 1401 reliqua

160 1405 162 1409 ’
207 1402 381 1470 formantur,
400 1400 463 1476 apte
484 1404 611 1470 cadentes
631 1402 666 1460 ad
689 1405 812 1461 animum
837 1401 1012 1458 efficiendum
1031 1420 1079 1476 pa-

205 1477 372 1555 riendosque
387 1476 494 1536 sensus?
515 1480 667 1553 ²2longum
681 1481 718 1538 est
732 1480 836 1541 omnia.
855 1495 920 1554 quae
935 1477 1080 1548 nimium,

208 1567 240 1613 ut
253 1567 347 1630 optata
369 1555 455 1626 magis
480 1555 566 1629 quim
582 1556 695 1613 inventa
710 1555 862 1622 videantur.

161 1647 200 1693 20
248 1630 302 1690 Sed
322 1628 366 1691 illa
387 1631 512 1707 palmatis
532 1631 673 1707 quidem,
697 1629 800 1709 quod,
833 1631 959 1706 quinon
983 1630 1077 1690 modi)

989 1719 1017 1762 23
1030 1727 1080 1775 na-

205 1869 285 1905 autem
297 1857 382 1907 melius
392 1857 513 1931 Diogenes
524 1861 601 1930 potuit
613 1862 730 1912 rationem
742 1860 810 1910 illam
826 1864 851 1910 δι
865 1859 958 1910 decreta
968 1863 1077 1925 explica-

167 1936 170 1944 ’
206 1936 231 1973 re
248 1924 322 2031 quam
338 1923 425 1970 auroris
441 1924 511 1986 iplnts
526 1924 601 1972 uerbis
617 1940 644 1973 ac
659 1925 857 1974 commentariis?
874 1925 939 1987 quod
954 1924 1009 1974 sane
1027 1925 1075 1975 stu-

203 1983 246 2030 dio
259 2000 271 2030 e
283 1984 325 2032 ille
335 1983 405 2040 fecit,
421 1989 496 2048 utqui
508 1986 537 2035 ab
547 2000 574 2035 ea
586 1989 685 2045 ratione,
694 2001 809 2051 quantum
820 1986 925 2052 suspicari
935 1988 1003 2044 licet,
1022 2006 1074 2043 non

173 2045 175 2050 ’
200 2046 429 2107 νηΙάεᾶδὶιοῐῐώαῐ,
446 2053 523 2098 Vinion.
556 2056 592 2098 Ex
601 2055 692 2114 Epicuri
706 2054 866 2109 internunciis]
896 2056 954 2099 Veo.
972 2053 997 2100 δι
1015 2054 1073 2112 alii,

197 2111 367 2168 Intermundiis:
383 2122 407 2158 ut
422 2113 446 2161 dt
460 2112 484 2161 in
496 2129 528 2165 tr.
546 2113 577 2161 de
591 2114 666 2165 Fiuib.
689 2116 810 2164 Indiuidua
825 2117 851 2175 (γ
867 2116 1072 2178 intermundiis-qu

197 2188 234 2223 nec
245 2175 297 2234 sunt
313 2176 377 2230 ntia,
394 2191 428 2219 nee
445 2178 527 2237 peffuut
544 2179 599 2236 effe,
616 2181 764 2239 intelllgimus.
797 2182 827 2225 Et
843 2176 890 2224 hoc
902 2192 981 2224 vetum
999 2193 1066 2240 puto.

197 2236 262 2282 Dicit
276 2248 355 2282 autem
367 2234 474 2300 quadam
486 2239 607 2297 interjecta
619 2239 691 2304 spatia
708 2241 828 2288 inanitatis
839 2241 900 2288 inter
911 2240 1012 2288 mundos
1029 2242 1069 2291 inss

196 2299 367 2353 numerabiles,
383 2314 444 2361 quos
457 2316 470 2349 a
481 2305 621 2351 Democrito
632 2316 742 2366 acceptos
753 2305 864 2364 Epicurus
879 2303 997 2351 constituit
1011 2320 1017 2352 :
1036 2308 1068 2357 de

195 2374 244 2423 quo
255 2360 350 2424 copiose
364 2363 486 2414 Vibiotius.
505 2373 585 2413 eamn.
600 2370 636 2413 'Et
648 2370 738 2427 Epicuri
749 2367 921 2421 {normanuile}
940 2375 1065 2418 Mesenen-

196 2426 262 2479 uinrc
281 2425 324 2472 lrac
337 2427 402 2474 enim
414 2442 472 2476 voce
483 2431 554 2479 utitur
564 2427 611 2491 ipse
623 2431 733 2495 Epiqutus
744 2427 769 2474 in
781 2427 879 2488 epitiola
891 2427 998 2488 Pythocli
1011 2430 1068 2482 feri·

195 2498 255 2548 pta:
273 2489 433 2551 exponitque,
447 2496 472 2538 τὸ
487 2497 644 2548 uernularum
660 2492 713 2541 sisai
728 2488 834 2543 iunicum
849 2492 941 2548 niuniu*
964 2493 1068 2547 uinceret.

193 2549 349 2600 deFinib.11.
367 2552 489 2598 Indiuidua
503 2569 570 2615 quum
589 2554 664 2599 dicitis
682 2554 710 2602 (φ
724 2552 888 2606 intimandae,
904 2569 948 2611 qua
963 2571 999 2598 nec
1009 2558 1067 2614 sune

192 2614 255 2668 ntia,
271 2632 307 2660 nec
314 2613 392 2675 paffnnt
403 2615 458 2670 effi,
474 2617 620 2677 intelligimus.
637 2614 705 2662 Nihil
717 2612 781 2662 addo
791 2614 838 2669 iis,
854 2618 1066 2683 quncamerarius

193 2678 219 2725 δι
231 2677 346 2724 vartonus
357 2676 395 2723 hie
404 2689 555 2728 annotarunt.
588 2679 657 2724 Betui.

224 2752 263 2786 zt.
284 2741 399 2784 Volubilem
409 2744 501 2795 Deum]
528 2740 594 2786 Plato
609 2736 725 2786 mundum
741 2742 820 2786 Deum
835 2736 909 2794 facit,
925 2739 949 2785 in
972 2738 1064 2792 codem

191 2798 298 2854 Timaeo,
316 2814 387 2859 quem
400 2800 508 2862 virgilius
523 2816 620 2863 quoque
637 2801 725 2849 secutus
742 2801 783 2852 est.
817 2800 956 2864 Aliquando
968 2803 1065 2855 mundo

189 2866 269 2913 Deum
280 2861 463 2923 admiscuerunt,
479 2877 504 2909 ur
517 2865 580 2926 virg.
887 2866 890 2870 ’

501 2949 617 3008 Totumque
628 2943 700 3006 infusa
707 2957 745 3007 per
754 2958 815 2992 ursus

327 3009 389 3056 Mens
399 3008 466 3068 aginat
479 3009 569 3064 molent,
584 3013 611 3060 'v'
625 3024 699 3071 magno
706 3011 729 3070 se
741 3023 821 3072 corpore
831 3010 910 3075 tatt'scct.¹

191 3099 230 3144 De
241 3109 290 3159 quo
301 3093 363 3160 apud
373 3093 525 3143 tractantium
535 3092 548 3143 i
559 3093 627 3155 nobis
639 3095 727 3146 diesim
740 3097 790 3155 est,
803 3099 859 3148 cum
869 3098 939 3154 alibi,
954 3110 1006 3159 tum
1018 3100 1061 3154 lib.

192 3173 240 3207 vat.
259 3173 310 3218 cap.
323 3176 345 3215 3.
370 3153 421 3206 uisi
438 3156 563 3219 secundum
583 3158 678 3219 Stoicos
694 3161 741 3210 hoc
762 3164 894 3225 intelligere
915 3164 983 3211 malis
996 3198 1003 3219 ,
1018 3169 1062 3226 qui

191 3225 269 3284 Deum
280 3221 410 3277 definiunt,
424 3222 512 3275 utrumn
528 3240 604 3283 torquet
620 3223 658 3274 uni
675 3229 790 3286 nupastiir.
824 3230 890 3274 Nam
910 3229 1064 3279 Democritus

192 3298 290 3347 quoque
306 3284 343 3334 nin
359 3286 431 3335 bier.
457 3285 501 3334 terit
516 3286 613 3346 nonanti
627 3287 702 3346 facit.
723 3290 763 3338 nni
779 3289 818 3341 uait
835 3290 867 3338 ci
884 3290 958 3347 niens
974 3292 1065 3352 ψυχὴν.

189 3348 305 3398 Plutarch.
339 3350 454 3396 betuleius.

223 3426 260 3462 21.
281 3421 371 3474 tongum
384 3411 411 3472 est
423 3413 463 3455 iter
476 3413 605 3468 ardomain]
621 3418 681 3463 Vcn.
692 3414 781 3472 verius,
797 3419 891 3477 Longum
902 3413 929 3470 cll
938 3415 968 3460 ad
977 3419 1065 3463 omnies

189 3488 215 3539 ut
227 3475 402 3557 intelligamus,
418 3470 500 3539 afferre
510 3475 548 3539 feu
562 3473 639 3539 dicere
651 3478 755 3552 aliquid,
769 3489 796 3529 ut
808 3483 904 3542 Terent.
923 3482 1018 3542 Limam
1033 3480 1063 3539 est
