2296 3908
199 97 281 208 3308
445 109 522 185 Du
565 113 842 182 Luctnos

198 228 285 295 bern,
306 221 421 304 siquod
433 225 600 302 principium
616 224 781 301 reliquarum
796 239 892 283 tetum
907 219 1073 297 ess'evoluit,¹
1105 288 1109 295 ,

197 303 341 389 'generavit
368 303 397 360 &
432 304 541 361 ornavit
563 301 665 367 Deus,
695 300 869 376 perspicuum
884 292 917 359 lit
939 298 1009 360 illud
1028 302 1076 377 (ue

199 381 296 457 omnia
320 374 491 453 disserantur)
517 377 602 452 ipsam
623 397 672 453 per
692 378 719 435 se
739 379 867 437 traturalm
888 375 1000 453 tongtu
1013 395 1076 454 pto·

197 455 275 539 gredi
291 475 299 514 t
319 473 385 531 quae
399 456 483 513 etiarn
499 455 576 513 riullo
592 454 712 513 docente
726 453 851 528 profetia
881 453 916 511 ab
936 454 987 522 iis,
1006 459 1076 532 quo·

198 550 280 603 tutu,
300 551 335 590 ex
349 531 436 605 prima
463 533 492 591 δι
516 532 645 590 inchoata
666 531 870 605 intelligentia,
905 541 1010 605 genera
1029 547 1076 590 co·

101 662 104 681 ,
175 664 179 679 ,
199 611 315 687 gnovit,
333 607 483 677 coutirnrat
496 606 551 682 ipsa
566 607 654 683 perse
669 608 807 667 rationem
827 609 857 665 ὃ(
871 604 992 683 perficit.

154 684 192 748 '28
242 686 277 745 X.
297 687 392 743 Aut.
418 684 489 743 Dt't
509 684 704 754 immortales,
724 683 810 760 quiin
837 696 869 742 tu
898 681 986 758 longe
1006 685 1076 758 juris

96 808 122 837 .·..
145 822 149 834 ,
202 762 336 839 principia
345 761 463 835 repetis!
485 774 568 835 atque
583 762 640 827 ita,
660 773 691 818 ut
707 762 769 836 ego‘
781 778 841 819 non
864 759 958 819 modo
980 759 1016 818 a‘d
1034 761 1074 820 illa

200 858 261 900 non
274 836 440 913 prpp'etetn,
460 856 525 913 quae
539 836 727 912 exspectabam
750 836 768 899 it
788 839 816 895 te
839 836 874 895 de
893 836 959 909 jure
979 837 1073 909 civili,

201 914 248 990 sed
262 915 340 991 facile
356 915 440 990 pitiar
454 928 482 972 te
495 914 661 973 hunc-diem
676 914 722 972 'vel
736 924 830 975 totum
844 914 874 971 in
888 911 941 971 isto
948 909 1073 976 sermone

153 1040 155 1045 .
200 980 372 1063 consumere.
412 990 473 1049 sunt
487 994 564 1050 enim
578 991 641 1048 haec
656 991 779 1066 majora,
798 989 1003 1068 quaealiorum
1015 1007 1074 1049 oau-

198 1059 347 1149 sssortaffe
368 1066 584 1141 compledleris,
605 1066 690 1143 quarn
717 1066 771 1141 ipsa
793 1067 855 1135 illa,
875 1073 1003 1143 quotum
1016 1068 1074 1144 haee

197 1142 276 1202 causa
287 1152 482 1219 praeparantur.
521 1145 564 1203 M.
581 1145 649 1202 Sunt
663 1144 725 1203 haec
740 1142 855 1218 quidem
870 1160 994 1218 magna,
1014 1161 1074 1220 quae

197 1228 274 1296 nunc
288 1222 406 1280 breviter
420 1222 606 1296 attinguntur:
626 1219 672 1279 sed
687 1219 837 1288 oninium,-
856 1237 923 1294 quae
939 1220 1074 1295 inhomi-

196 1288 267 1373 lium
283 1295 431 1355 dodorutn
448 1297 630 1372 disputatione
644 1295 877 1363 versantur,nilril
892 1296 931 1354 est
946 1295 1072 1374 profesio

200 1368 391 1446 praestabilius,
411 1373 496 1450 quani
512 1372 592 1450 plane
614 1372 728 1448 intelligi
749 1391 800 1430 nos
823 1372 857 1431 ad
866 1373 1006 1447 justitiam
1025 1369 1084 1431 esse·

61 1519 71 1524 ,Ι
202 1461 306 1516 natos,
333 1469 425 1526 neque
447 1453 606 1526 opinione,
641 1448 687 1506 sed
709 1449 804 1507 naturai
817 1449 1009 1507 'constitutum
1025 1443 1072 1508 else

57 1527 180 1593 hptrebit
202 1523 262 1599 ju..
295 1525 395 1601 ldjanr
418 1528 559 1600 npatebit,
579 1525 763 1583 lihominum
785 1526 857 1583 inter
878 1525 952 1602 ipsos
966 1525 1075 1585 so'cietass

57 1591 263 1660 toni-Lausum
288 1602 574 1680 conjunffionemque
596 1601 771 1676 perspexerit.
821 1674 836 1680 Α,

160 1706 198 1766 29
244 1678 322 1738 Nihil
336 1680 374 1737 est
388 1680 463 1737 enirn
479 1697 564 1737 unum
584 1679 702 1736 unitam
718 1678 890 1746 limile‚tam
905 1678 974 1754 par,
993 1677 1074 1756 quini

207 1772 313 1833 omnes
326 1757 399 1815 iitter
419 1756 600 1831 nosmetipsos
620 1754 722 1812 sumus.
761 1754 850 1830 Quod
872 1755 893 1812 li
915 1755 1091 1831 depravatid'

203 1831 453 1900 consuetudinum
473 1831 671 1907 fiopinionurn
695 1833 800 1890 vanitas
823 1848 882 1890 non
905 1828 1075 1891 imbecilitass

203 1919 263 1966 tem
277 1910 434 1966 animorum
449 1920 607 1984 torqueret,
628 1911 657 1964 δι
673 1906 795 1965 flecteret
813 1924 1001 1986 quocumque
1022 1918 1075 1966 coe*

62 2031 66 2043 ..
203 1980 304 2060 pitset:
324 1980 363 2041 sui
382 2002 470 2068 nemo
492 1985 545 2060 ipse
566 1998 624 2043 tarn
645 1983 739 2041 strnilis
759 1981 849 2053 esset,
870 1983 960 2061 qudtn
981 1988 1074 2045 omnes

56 2035 155 2148 235⁰&
203 2058 438 2140 ⁰luntomniutn.
475 2061 568 2138 itaque
582 2077 771 2137 quaecumque
785 2060 822 2119 est
843 2061 970 2121 hominis
984 2061 1076 2123 defini·

60 2155 142 2213 mm:
203 2136 261 2204 tio',
282 2138 335 2196 'una
349 2139 379 2197 in
393 2155 492 2196 omnes
506 2137 588 2197 valet.
1056 2180 1063 2195 .

32 2252 35 2258 -
163 2241 201 2303 30
244 2214 333 2288 Quod
354 2215 509 2289 argumenti
531 2215 590 2272 satis
613 2213 673 2284 est,
701 2213 806 2272 nullam
827 2213 1073 2273 dissimilitudinem

58 2304 188 2355 acuti.
207 2287 261 2348 else
275 2291 304 2348 in
323 2306 433 2364 genere.
467 2307 531 2380 quae
544 2289 565 2348 st
579 2286 645 2348 esset
661 2333 670 2359 ,
689 2309 748 2350 non
764 2309 820 2350 una
830 2309 939 2368 *ornnes
954 2290 1075 2349 delinitio¹

51 2394 56 2407 ¹
204 2367 368 2426 contineret.
406 2362 519 2426 Etenrni
534 2368 620 2435 ratiti,
640 2385 694 2442 qua
709 2379 764 2425 una
786 2368 945 2445 praestamus
967 2368 1074 2437 beluis,

203 2460 350 2520 perquam
365 2443 525 2517 conjedluta
540 2443 682 2511 silemus,
703 2457 931 2517 argumentamur
948 2487 957 2512 ,
981 2442 1076 2502 reselli-

204 2536 290 2587 mus,
322 2517 496 2589 disserimus,
523 2519 686 2597 conficimus
707 2521 833 2592 aliquid,
862 2519 1073 2589 concludimus,

205 2595 279 2654 certe
295 2595 332 2653 ell
346 2599 529 2664 communis,
556 2595 681 2654 <roenna
706 2596 852 2664 differens,
872 2597 996 2657 discendi
1016 2596 1074 2672 qui·

203 2672 269 2730 dem
284 2672 412 2730 facultate
426 2690 483 2749 par.
508 2691 573 2731 narn
590 2675 619 2731 &
636 2671 752 2730 sensibus
767 2673 866 2730 eadem
883 2676 984 2732 omnia
997 2676 1074 2731 coru-⁵

202 2749 423 2829 prehenduntur:
443 2752 472 2808 &
488 2767 537 2818 ea,
558 2767 622 2825 quae
638 2761 755 2807 movent
771 2749 876 2818 sensus,
897 2751 998 2810 itidem
1015 2752 1073 2808 moi

206 2841 274 2884 vent
288 2826 435 2884 oninium:
456 2844 577 2903 quaeque
591 2826 619 2883 in
633 2826 955 2900 animisimprimuntur,
974 2825 1076 2902 dequi-

203 2900 252 2959 bus
266 2900 330 2959 ante
344 2902 417 2970 dixi,
437 2904 576 2962 inchoatae
591 2902 795 2976 intelligentiae,
806 2902 928 2961 similiter
941 2904 972 2962 in
986 2901 1075 2960 omni-

202 2976 251 3034 bus
266 2978 476 3053 imprimuntur:
497 2981 683 3053 interpresque
699 2979 736 3036 est
752 2980 852 3037 inentis
867 2980 976 3048 oratio,
992 2978 1074 3036 verbis

201 3047 378 3130 discrepans,
403 3055 541 3115 sententiis
570 3072 733 3131 congruens.
771 3056 835 3114 Nec
863 3056 902 3115 est
930 3057 1074 3134 quisquam

635 3150 638 3177 ἱ
1012 3148 1077 3208 gen·

232 3359 243 3398 5
248 3358 269 3397 5.
285 3345 353 3407 Quod
363 3345 495 3407 principium
507 3344 642 3408 reliquarum
654 3317 768 3402 remmus}
777 3345 872 3402 uoluit]
885 3316 935 3394 tal.
946 3332 1003 3396 teil.
1013 3336 1077 3413 ὁρας

199 3404 337 3469 repressere,
353 3424 417 3469 quem
425 3409 542 3470 principem
552 3407 663 3474 reliq.scd
673 3408 807 3473 interpretis
817 3407 1077 3463 sotswestemblemsi'

198 3469 364 3523 noududlotis.
399 3470 490 3521 (irritari
981 3536 1018 3593 56.
1035 3522 1078 3583 Hb,

70 3550 242 3664 ἢ
