2296 3908
164 94 168 99 ’
232 92 311 181 3162'
396 90 472 160 De
515 89 954 157 Drvrnnerone

232 199 364 272 alteram,
383 202 610 271 4⁷Cluditarum,
627 199 954 276 haruspicinaenobilitate
969 198 1106 273 praestan·

234 286 284 336 tes.
323 279 356 339 ln
381 280 457 355 Syria
478 280 602 339 Chaldaei
623 281 784 354 cognitione
812 276 944 334 astrorum
970 275 1106 341 sollertis·

230 369 287 429 que
302 352 478 430 ingeniorum
493 356 667 419 antecellunt.

185 432 224 513 '92
270 428 377 490 Etruria
397 446 490 491 autem
503 433 540 493 de
552 432 623 490 caelo
636 431 707 489 tesia
728 427 903 489 scientissime·
922 429 1102 489 animadven

230 503 281 565 tit:
300 511 457 583 eademque
477 509 689 581 interpretatur,
711 506 778 579 quid
796 507 949 581 quibusque
972 507 1101 567 ostenda-

117 590 143 641 r.
159 588 187 641 B.
229 592 275 640 tur
297 584 423 643 monstris
449 598 531 659 atque
548 584 688 658 portentis.
708 583 851 655 Quocirca
866 580 937 639 bene
952 584 1031 655 apud
1045 602 1102 642 ma·

225 656 302 734 jures
315 660 420 718 nostros
433 658 539 719 senatus
551 673 628 728 tum,
649 658 712 718 cimr
728 658 841 717 florebat
856 658 1008 733 imperium
1025 702 1034 726 ,
1056 660 1102 719 de·

226 737 338 804 crevit,
358 749 390 795 ut
401 734 430 789 4⁸
439 736 474 794 de
494 736 646 811 principum
668 734 728 794 siliis
748 734 831 793 4⁹sex
851 733 962 809 singulis
985 736 1101 797 Etruriae

224 811 334 887 populis
348 811 556 887 indisciplinam
571 812 756 879 traderentur,
775 829 812 868 ne
833 828 873 869 ars
894 823 973 869 tanta
987 828 1100 888 propter

226 889 389 947 tenuitatem
404 887 577 947 hominumd
591 888 728 963 religionis
742 887 902 947 audotitate
916 885 1115 949 abduceretur*

140 992 143 1000 ·
229 962 267 1021 ad
289 962 448 1023 mercedem
474 978 555 1040 atque
574 966 717 1038 quaestum.
755 964 875 1038 Phryges
888 976 1004 1031 autem,
1020 966 1101 1025 &Pi-

227 1036 312 1110 fidae,
332 1044 362 1099 &
378 1040 494 1110 Cilices,
515 1042 544 1099 de
559 1039 683 1099 Arabum
698 1040 792 1106 natio,
811 1041 906 1097 avium
923 1038 1101 1113 significatio·

228 1114 307 1175 nibus
322 1114 469 1190 plurimum
486 1117 686 1191 obtemperant.
724 1115 801 1193 quod
815 1116 891 1175 idem
904 1116 1099 1179 factitaturum

230 1190 350 1250 Umbria
363 1195 528 1267 accepimus.

121 1274 126 1299 ³
182 1270 220 1344 '93
268 1267 359 1325 XLll.
383 1270 436 1326 Ac
458 1287 549 1327 n1u1
569 1267 682 1344 quidem
708 1266 836 1323 videntur
855 1265 871 1321 ὲ
890 1267 960 1322 locis
986 1283 1100 1344 quoque

229 1342 308 1418 ipsis,
327 1346 375 1417 qui
389 1343 405 1402 i
421 1346 572 1418 quibusque
587 1342 799 1416 incolebantur,
819 1340 1030 1403 divinationum
1052 1362 1100 1418 op-

228 1419 411 1491 portunitates
426 1417 479 1476 esse
494 1419 594 1477 dutiae.
635 1428 663 1471 50
673 1431 702 1474 ut
717 1417 792 1476 enim
801 1415 946 1491 AEgyptii,
966 1431 998 1477 ut
1014 1419 1099 1495 Baby·

227 1494 297 1553 lonii
317 1495 346 1552 in
368 1510 531 1568 camporum
554 1496 707 1569 patentium
735 1494 891 1567 aequoribus
920 1493 1097 1565 habitantes,

229 1568 294 1628 citm
310 1581 427 1627 exterra
441 1570 507 1628 nihil
522 1573 673 1639 emineret,
693 1571 770 1645 quod
792 1568 1027 1643 contemplationi
1040 1572 1096 1629 caeli

229 1646 344 1704 officere
364 1642 474 1719 posset,
502 1664 621 1713 omnem
643 1664 737 1705 curam
760 1646 788 1703 in
804 1644 921 1702 siderum
937 1648 1095 1719 cognitione

228 1722 387 1797 posuerunt.
424 1720 528 1780 Etrusci
541 1736 658 1791 aurem,
678 1721 756 1799 quod
779 1721 910 1796 religione
932 1721 1035 1782 imbuti
1048 1722 1095 1781 stu·

231 1795 334 1857 diotiiu
352 1798 381 1856 de
405 1796 520 1858 crebriis
534 1800 631 1863 hostias
643 1796 841 1868 immolabant,
861 1808 995 1879 extorum
1003 1798 1094 1885 cogni3

1028 1888 1094 1933 ttoni

226 2041 381 2093 Philostratus
396 2043 444 2093 vit.
460 2042 542 2107 Apoll.
554 2042 594 2094 lib.
605 2059 628 2094 v.
651 2058 701 2109 cap.
714 2060 751 2102 ις.
773 2042 814 2107 qui
830 2044 969 2093 itineres&
984 2042 1054 2092 simul
1067 2054 1092 2091 ee

100 2144 108 2154 .
141 2162 144 2167 ¹
234 2106 341 2167 'lapitas
352 2105 470 2156 meminit.
504 2107 584 2167 Dabis.

258 2185 297 2228 47.
314 2171 477 2225 Glutidaruml
492 2171 624 2221 clreidarum
633 2166 829 2223 scribendumest,
844 2167 978 2219 audentibus
990 2166 1093 2218 Herodo-

230 2242 261 2281 to
276 2234 301 2280 δι
317 2229 434 2283 Pausania,
456 2231 572 2279 Herodoti
588 2231 657 2279 verba
672 2230 743 2288 sunt,
769 2234 815 2280 Kal
830 2238 913 2292 pin&
931 2241 961 2283 ot
979 2233 1093 2290 ’lapissus

231 2293 272 2343 ael
286 2298 464 2341 Kurrtnnntt
482 2296 529 2342 &e
552 2292 686 2350 Pausanite3
707 2295 864 2355 'singidinum‘
882 2295 1007 2354 eidormo
1024 2310 1094 2341 stiren-

230 2354 289 2409 anit,
306 2358 344 2404 nel
358 2355 480 2412 ’Eusenese
497 2356 543 2405 'scir
559 2356 569 2402 ὁ
584 2358 703 2415 etapium
718 2357 784 2404 irari
799 2363 853 2405 rietur
868 2358 1020 2417 drepanium-⁶
1045 2346 1092 2403 ester

232 2418 257 2464 dl
275 2418 313 2465 uel
329 2417 436 2473 adverte*
452 2416 588 2471 ‘entium
605 2422 637 2466 σέ
649 2422 805 2466 ΚΛΤΤΙΔΩΝ
823 2422 890 2477 pisse.
922 2420 1004 2467 Facile
1020 2428 1094 2465 nutem

230 2477 348 2528 Librarius
358 2478 404 2529 labi
415 2478 440 2525 in
452 2492 482 2525 eo
493 2479 591 2527 nomine
603 2483 692 2542 potuit,
708 2482 771 2538 cujus
785 2481 886 2545 primam
900 2479 1008 2530 litteram
1024 2500 1035 2527 e
1052 2480 1074 2527 in
1080 2494 1095 2542 g

232 2541 356 2588 mutabunt
367 2540 472 2602 antiqui,
488 2543 512 2589 dt
524 2559 539 2587 u
551 2539 677 2590 scribebant
689 2558 731 2607 pro
739 2562 770 2604 y,
785 2557 811 2591 ur
822 2558 865 2607 pro
876 2544 939 2599 Sylla
956 2546 982 2593 δι
999 2548 1094 2603 Myrrha.

232 2605 299 2650 Sulla
310 2606 335 2651 de
346 2606 453 2650 Murrha:
470 2617 514 2666 pro
526 2610 603 2663 cycnus
616 2607 640 2656 be
654 2610 734 2665 sajus,
752 2614 828 2667 cygnus
841 2609 865 2653 δι
877 2609 958 2655 Gerus.
992 2604 1094 2654 Utfiuus.

262 2674 300 2725 48.
319 2673 353 2712 De
362 2670 478 2727 principum
485 2666 543 2723 filiis
549 2668 587 2726 sex
593 2669 682 2729 ssngusr's
693 2674 782 2716 Etruria
791 2671 893 2730 populis]
906 2670 960 2717 val.
969 2672 1040 2717 Max.
1050 2680 1095 2715 nu!

231 2727 287 2783 sex,
304 2726 341 2776 sed
354 2727 436 2776 decem
447 2725 513 2778 fuisse
523 2728 608 2784 tradit,
625 2731 665 2792 qui
675 2732 772 2796 lingulis
784 2731 878 2780 Etruriae
890 2731 986 2794 pupulis
998 2733 1024 2780 in
1033 2730 1096 2781 disci·

232 2791 486 2857 plinamrraderenrur.
520 2795 544 2839 P.
553 2795 638 2842 Manur.
872 2846 875 2853 Ι
969 2846 972 2851 ¹

262 2872 301 2913 49.
319 2857 362 2900 Sex
378 2856 462 2916 sagulis
478 2858 570 2901 Etruria
587 2857 689 2916 populis]
719 2854 808 2919 Lipsius
824 2853 885 2905 libro
902 2868 935 2901 11.
959 2857 1094 2905 Elesiotum

231 2930 283 2980 cap.
297 2933 332 2965 11.
349 2915 415 2970 fine,
433 2930 497 2978 putat
511 2914 634 2965 insinuasse
645 2917 696 2966 heic
711 2917 733 2967 se
746 2932 867 2973 errorem,
884 2919 1095 2983 reponendumque

229 2982 346 3027 duodecim.
364 2995 413 3025 non
424 2980 531 3040 putarim.
557 2979 598 3025 ersi
609 2981 672 3026 enim
684 2980 785 3030 totidem
797 2981 882 3030 suerint
893 2983 993 3052 populi,
1011 2999 1060 3032 non
1072 2982 1095 3029 id

232 3055 304 3105 negat
315 3039 425 3096 Tullius,
441 3041 478 3088 sed
494 3042 542 3088 vult
557 3040 619 3090 sorte
630 3042 755 3092 duodecim
767 3046 813 3092 illis
826 3050 920 3092 Etrunae
932 3047 1030 3108 populis
1040 3060 1095 3093 eon·

231 3103 334 3153 creditos
342 3106 364 3149 in
371 3101 500 3150 universum
510 3102 628 3165 sexaginta
639 3105 698 3153 duos
707 3107 770 3155 tilios
778 3107 908 3169 principum
920 3109 1094 3157 Romanorum.

233 3165 586 3223 aliterhaecvalerius,scio;sed
598 3168 654 3228 quid
662 3168 708 3218 st&
717 3170 758 3218 ille
769 3170 863 3217 locusin
871 3167 1047 3221 mendacubnt.
1058 3184 1097 3218 ve·
1121 3218 1124 3225 ,

232 3228 288 3337 ἔξω]
299 3242 346 3289 ego
357 3242 406 3276 non
412 3228 526 3292 pertendo
534 3264 540 3284 ,
548 3233 688 3293 nequemilri
699 3232 739 3296 ipsi
746 3247 798 3280 mea
805 3230 915 3280 satisfacit
926 3232 1096 3300 interpretatio.

256 3304 321 3338 mser·

264 3370 300 3411 5⁰·
318 3359 351 3398 vt
362 3356 417 3400 enim
430 3358 553 3416 ‹AEgyptr'ss
569 3370 593 3404 ret
603 3358 732 3415 Babylonii]
762 3365 795 3405 ve
810 3359 920 3420 vssgyprr‘r'
930 3393 938 3417 ,
954 3372 981 3407 ut
993 3358 1098 3421 satyram

232 3414 341 3470 libentius
352 3416 456 3482 legerem
468 3434 475 3466 e
491 3419 542 3478 tel,
558 3423 644 3472 Ermim
654 3424 761 3485 ‹AEgyprii
771 3426 795 3475 ir
809 3424 928 3484 Babylonii.
961 3427 988 3472 1‘.
997 3428 1086 3537 ΜἭ

982 3502 1024 3544 5¹·
1083 3510 1095 3525 ¹
