2296 3908
141 174 144 179 .
204 107 285 188 3158
365 107 440 174 De
481 106 924 179 Drvrtturroue

119 256 123 269 f
198 212 279 275 statis
314 214 502 291 taefignificare
516 216 675 278 hominibus
688 233 753 292 quae
767 215 828 276 sunt
849 215 941 275 futura
958 232 966 271 :
987 221 1039 272 aut
1051 225 1083 277 et

208 307 245 349 ne
260 233 313 367 ips
322 291 435 370 quidem
458 293 496 355 dii
516 294 666 370 significare
686 289 804 367 possunt.
843 292 882 349 At
902 308 1000 366 neque
1025 307 1083 349 nou

57 363 198 420 mount
211 365 328 443 diligunt
341 387 408 428 nos:
428 369 489 429 sunt
504 373 580 429 enirn
600 366 742 439 benefici,
761 368 911 447 generique
930 366 1083 425 hominum

214 445 311 501 amici:
333 463 368 503 ne
388 463 424 503 ue
437 448 564 521 ignorant
581 464 630 514 ea,
649 461 714 520 quae
732 445 766 503 ab
779 443 839 518 iphs
852 455 879 497 34
887 443 1039 503 constituta
1054 442 1083 501 ὅτ

152 552 156 556 Α
212 518 349 594 designata
370 464 439 579 sunt.
478 539 570 597 neque
590 520 678 581 nostra
699 520 767 579 nihil
784 520 918 605 interest,
944 518 1014 576 scire
1036 534 1081 586 ea,

191 660 194 671 ,
213 612 278 677 quae
293 608 424 655 eventura
437 596 515 655 sunt:
537 599 637 656 erimus
652 597 727 658 enlm
749 608 903 662 cautiores,
923 593 944 651 st
959 593 1082 663 sciemus.

166 675 202 752 83
253 672 354 746 Neque
369 674 425 730 hoc
440 675 560 732 alienum
583 673 688 734 ducunt
710 672 850 748 majestate
869 670 914 728 sua
931 688 940 727 a
960 671 1031 729 nihil
1049 669 1082 731 es

215 748 290 806 enirn
305 747 485 813 beneficentid
500 749 682 824 praestantius:
703 766 795 825 neque
809 764 868 805 non
884 741 996 820 possunt
1012 746 1083 803 funt:

63 822 178 877 eutium
214 841 242 882 ra
265 824 443 898 praenoscere.
481 826 549 884 Non
569 825 650 899 igitur
670 822 749 882 esunt
771 823 832 893 dii,
859 838 912 881 nec
933 819 1083 895 significant
1105 860 1109 867 -

64 889 139 940 W·
215 901 315 961 sutura.
354 901 422 963 Sunt
436 912 529 959 autem
553 900 613 959 dii:
636 899 785 975 significant
804 915 879 975 ergo.
921 897 1082 966 ³5Etnon,
1124 936 1126 979 :

213 976 233 1034 fi
254 974 428 1051 significant,
455 977 539 1037 mulas
558 978 614 1035 vias
635 976 701 1039 dant
727 978 805 1033 nobis
825 975 859 1033 ad
879 971 1081 1049 fignificationit
1104 1002 1126 1009 ..

213 1052 377 1113 scientiam:
406 1052 498 1111 frustra
519 1052 594 1110 enirn
623 1051 803 1128 significarent
825 1071 832 1108 :
860 1062 945 1120 nec',
981 1048 1083 1109 fidant

216 1129 273 1187 vias
293 1170 302 1193 ,
321 1145 380 1185 non
399 1127 437 1185 est
457 1126 591 1186 divinatio
610 1148 617 1187 :
639 1129 676 1186 est
695 1129 775 1202 igitur
794 1127 938 1185 divinatio.
1103 1170 1106 1175 ·

254 1203 384 1261 XXXIX.
404 1205 487 1261 Huc
507 1222 686 1263 nntroua
708 1205 738 1262 δε
754 1202 946 1279 Chrysippus,
966 1202 1000 1263 &
1015 1202 1084 1262 Dio·

173 1280 209 1351 84
217 1294 326 1354 genes,
365 1280 395 1336 &
421 1281 565 1355 Antipater
593 1282 685 1339 utitur.
723 1278 801 1353 Quid
834 1279 871 1336 est
898 1279 1010 1355 igitur,
1042 1294 1086 1337 cut

218 1353 397 1414 dubitandum
434 1354 495 1425 stt,
534 1357 601 1433 quin
632 1356 683 1415 hut
725 1373 755 1415 ca
783 1397 792 1424 ,
830 1372 894 1431 quae
930 1354 1085 1430 disputavi,

217 1431 363 1489 verissima.
394 1428 420 1487 'fi
435 1433 504 1489 ratio
519 1449 632 1491 mecum
646 1433 728 1501 facit,
749 1430 768 1488 sr
789 1443 910 1503 eventa,
931 1428 951 1488 ss
968 1432 1087 1508 populi,

219 1506 397 1575 stnatlones,
417 1505 563 1576 srGraeci‚
583 1508 601 1566 fi
619 1507 739 1575 barbari,
759 1505 912 1582 simaJ'ores
935 1509 1025 1567 etiam
1038 1525 1090 1567 no·

176 1592 180 1599 ’
218 1583 282 1650 stri,
300 1583 320 1640 fi
334 1583 454 1657 denique
468 1585 524 1642 hoc
538 1584 642 1658 semper
656 1585 692 1641 ita
708 1593 833 1657 putatum
858 1583 895 1640 est
911 1624 921 1653 ,
947 1581 970 1641 fi
991 1582 1089 1643 sumini

219 1658 389 1735 philosophi,
408 1658 428 1717 ri
444 1666 555 1734 poetae,
575 1659 790 1734 sisapientillimi
805 1659 872 1727 viri,
893 1660 942 1736 qui
959 1660 1088 1735 respubli-
1123 1658 1126 1673 '

109 1748 116 1759 ‘
222 1752 266 1792 eas
281 1736 490 1804 constituerunt,
513 1737 561 1810 qui
575 1735 653 1794 urbes
668 1735 872 1793 condiderunt?
892 1752 929 1794 an
954 1735 1025 1794 dum
1046 1737 1091 1795 be·

185 1813 190 1823 '
220 1811 277 1869 sllae
299 1811 446 1886 loquantur
478 1811 687 1888 exspectamus,
732 1812 879 1875 hominum
902 1812 1091 1876 consentiente

222 1885 384 1945 auctoritate
398 1888 523 1946 contenti
536 1906 595 1947 non
608 1885 720 1944 sumus?

178 1958 213 2034 85
262 1961 324 2018 Nec
338 1960 405 2019 vero
420 1965 571 2040 quidquam
586 1964 659 2021 aliud
673 1962 799 2037 affertur,
820 1980 868 2022 cur
881 1979 932 2031 ea,
943 1964 1091 2038 quaedico.

213 2036 363 2095 divinandi
377 2055 493 2113 genera,
515 2040 585 2096 nulla
601 2038 667 2096 sint:
688 2038 735 2097 nist
750 2039 829 2114 quod
844 2039 955 2101 difficile
970 2040 1091 2103 dicturi·

222 2113 326 2182 detur,
345 2130 409 2200 quae
424 2118 555 2190 cujusque
570 2115 744 2174 divinationis
758 2117 846 2184 ratio,
865 2132 931 2191 quae
955 2117 1034 2176 eausa
1053 2116 1090 2179 fir.

224 2187 304 2263 Quid
318 2207 393 2247 enim
407 2192 489 2250 habet
501 2191 631 2266 haruspex
648 2208 726 2262 „cut
740 2192 837 2264 pulmo
851 2192 952 2251 incisus
966 2194 1050 2259 etiarn
1064 2194 1090 2252 in

223 2263 303 2322 bonis
327 2267 394 2324 extis
415 2266 524 2325 dirimat
545 2279 677 2342 tempus,
704 2269 734 2324 ὅ(
758 2270 881 2340 proferat
902 2267 1009 2334 diem?
1029 2266 1091 2345 quid

225 2355 329 2412 augur,
350 2357 398 2399 cur
412 2341 428 2400 d
441 2343 534 2400 dextra
549 2359 664 2407 cottus,
685 2341 814 2401 dfinistra
829 2343 926 2402 cornix
950 2346 1033 2403 saciat
1052 2361 1091 2402 ta·

225 2415 315 2472 tum?
341 2415 408 2491 quid
428 2418 599 2491 astrologus,
627 2434 676 2475 cur
696 2416 767 2476 stella
787 2420 888 2491 Jovis,
909 2433 958 2478 aut
979 2421 1091 2480 Venetis

226 2489 375 2566 conjuncta
392 2501 457 2558 tum
480 2495 561 2557 Luna
582 2491 618 2559 ad
636 2504 712 2560 ortus
732 2511 883 2577 puerorum
904 2496 1024 2564 salutaris
1046 2496 1089 2635 lgtt

1067 2589 1092 2633 λι

258 2813 294 2855 34·
313 2798 425 2874 crintula
441 2800 587 2874 &naengum
596 2803 668 2878 [unm
697 2779 758 2913 nep.
776 2803 876 2859 noret,
896 2804 1006 2878 terrm
1023 2806 1091 2867 nn,

226 2862 291 2923 quod
302 2863 399 2924 qurdem
411 2863 476 2927 probi
491 2877 617 2914 commatre
637 2865 683 2913 esse
695 2882 734 2914 ver
751 2882 790 2914 um
803 2867 943 2916 monstravit
958 2867 982 2930 J.
993 2872 1020 2916 F.
1033 2871 1094 2916 Gro-

150 2936 153 2943 ·
227 2925 310 2973 novius
322 2925 417 2975 Obsetv.
430 2925 508 2976 tibur.
525 2932 609 2991 cap.t.'
622 2929 816 2977 Reclamantibus
826 2943 907 2976 tamen
923 2932 1023 2991 optima
1035 2942 1093 2983 nott

226 2990 331 3044 MSStis,
347 2990 467 3051 vulgatam
479 2989 605 3039 lettionetu
618 3007 667 3040 non
677 3007 778 3046 moveo,
794 2993 907 3055 precipue
923 3007 980 3042 cum
996 3007 1093 3042 cernae·

227 3051 301 3098 tinent
313 3049 360 3112 ipse
370 3054 454 3098 Cicero
464 3050 504 3101 lib.
513 3067 544 3102 rr.
561 3068 613 3116 cap.
625 3071 662 3113 ⁴9·
695 3057 776 3114 Dam‘ss

227 3113 1094 3239 nith‘hstsilli?lllllgllilll?illist¹¹³²l⁹¹¹l⁶³³⁰s¹5

224 3234 292 3294 ficunt
305 3252 312 3290 3
328 3207 393 3297 quod
403 3207 491 3285 sensum
504 3193 564 3302 pati{
575 3199 684 3290 Autso'ns
694 3242 768 3291 menti
779 3212 932 3292 contrarium.
966 3197 1094 3291 13:252&

229 3298 256 3344 δι
267 3311 351 3369 omnes
363 3298 420 3347 Pall.
433 3300 519 3350 &Bal
532 3307 592 3368 Reg.
604 3303 706 3354 Cantab.
741 3312 772 3351 At
784 3319 828 3351 nos
837 3318 891 3353 eam
907 3306 1045 3354 commenti
1062 3303 1094 3353 sn·

229 3372 283 3407 naus
292 3357 480 3417 dtliiustionem,
494 3379 567 3428 quam
577 3380 613 3421 res
623 3367 670 3432 ipsa
683 3364 782 3433 probat,
798 3378 823 3416 ut
834 3369 859 3418 δι
871 3368 966 3418 Tullius
983 3367 1048 3419 intra
1055 3367 1092 3417 lib.

230 3433 264 3476 ιι.
281 3432 378 3493 cap.49.
409 3425 491 3497 Daptfi
1052 3490 1092 3543 Α

899 3496 914 3513 ’·
997 3501 1036 3558 l‘·
