2296 3908
246 102 328 185 3406
493 82 569 163 Du
608 96 888 163 hettinus
964 114 972 129 ·

243 228 297 270 nos
312 211 495 273 multitudinis
520 216 561 272 vis
581 213 696 273 furentis
713 210 891 272 inflammati
911 211 1031 274 invidias
1051 218 1126 292 pepe-¹

243 284 329 357 liffet;
350 289 370 347 fi
391 293 513 351 tribunus
533 291 627 365 aliquis
647 291 676 348 in
698 307 745 349 me
767 290 909 363 populum
929 332 939 357 ,
962 290 1038 351 sicut
1050 294 1123 352 Grae·

244 364 313 422 ehus
327 368 356 423 in
371 368 537 435 Laenatem,
558 367 715 425 Saturninus
728 367 759 425 in
774 364 930 425 Metellum
949 408 960 435 ,
982 368 1123 429 incitassem

244 441 399 511 ferremus,
421 444 440 502 ὂ
454 445 560 519 Quinte
573 444 655 501 stater
671 463 678 500 t
699 441 975 519 consolarentutque
1004 463 1059 505 nos
1076 464 1125 505 nou

247 526 306 575 tam
321 520 499 594 philosophi,
518 521 567 595 qui
591 520 709 585 Athenis
724 519 863 587 suerunt,
884 522 938 595 qui
961 521 1024 581 hoe
1046 524 1140 581 facere

97 602 101 635 *-
135 582 164 640 2
178 590 206 637 Β·
245 593 472 672 ἀεδεηῑ,-(]υὴω
486 594 620 654 clarissimi
634 596 703 665 viri.
718 596 772 669 ¹qui
785 595 830 653 illa
850 595 924 653 urbe
948 596 1023 672 pulsi
1045 615 1123 657 catere

247 670 353 743 ingrata
367 673 496 742 cititate,
515 671 602 747 quim
624 689 737 729 manere
756 673 785 731 iu
805 672 943 744 improba
968 674 1124 734 maluerunt

248 744 417 822 Pompejum
433 748 501 807 veri>
515 746 594 824 quhd
608 765 663 806 una
677 748 725 805 illa
738 748 768 805 in
782 764 811 805 te
825 749 947 808 nonlita
972 751 1056 811 valde
1071 768 1122 826 pro·

249 821 314 892 bas,
335 827 381 883 vix
395 825 454 883 satis
468 826 536 883 mihi
560 823 625 882 illud
644 824 744 881 videris
763 823 940 895 attendere,
962 844 1028 889 non
1049 826 1119 885 solim

250 899 295 967 ei,
314 900 380 975 quid
403 898 468 959 effer
489 901 647 975 optimum,
664 899 819 958 ,videndum
841 897 927 959 fuisse
945 944 957 971 ‚
978 903 1027 963 sed
1050 905 1117 962 etim

92 983 115 1053 ,lt
129 978 205 1035 deleti
250 976 318 1049 quid
331 974 520 1035 necessarium.
556 976 635 1035 sensit
652 978 726 1035 enirn
741 974 859 1035 ldeberi
880 995 946 1037 non
972 978 1051 1055 posse
1067 980 1115 1039 huit

96 1046 169 1095 Ἢ·
250 1052 353 1110 civitati
368 1054 442 1111 illam
463 1053 635 1130 potestatem.
673 1055 776 1127 quippe
796 1070 885 1128 quarn
907 1064 1062 1133 tantopere
1077 1073 1115 1132 pu·

250 1128 330 1202 polus
343 1130 434 1187 noster
447 1133 573 1205 ignotam
588 1126 730 1203 expetisset
745 1156 754 1196 t
773 1127 825 1203 qul
847 1128 945 1203 pollet
970 1150 1063 1193 carere
1077 1150 1113 1191 to·

269 1202 346 1262 nita?
365 1205 490 1279 sapientis
503 1219 596 1265 autem
611 1206 678 1264 ciris
692 1207 744 1264 suit
759 1248 769 1275 ,
787 1206 901 1265 causam
918 1226 983 1267 nec
999 1209 1112 1286 penide—

246 1221 323 1347 ἐπι,
342 1282 373 1339 &
388 1284 426 1341 ita
440 1284 601 1357 popularem
617 1325 626 1352 ‚
644 1295 676 1339 ut
695 1300 757 1341 nou
776 1279 865 1357 posset
886 1283 1012 1357 obsisti,
1039 1285 1109 1361 pemi-

249 1356 324 1414 ciose
336 1359 461 1433 populari
476 1362 531 1417 civi
544 1378 602 1418 non
616 1357 778 1434 relinquere.
816 1358 875 1417 Scis
890 1360 1010 1435 solere,
1026 1366 1104 1428 lnttr,

247 1431 279 1489 in
291 1432 453 1569 hujutdmodi
472 1434 623 1504 sermone,
649 1448 681 1492 ut
694 1434 799 1493 tranfiri
818 1434 875 1492 alio
897 1438 1015 1512 poffit,
1033 1456 1105 1501 iuun-

251 1524 321 1568 uun
384 1529 429 1571 rer.

203 1615 239 1672 27
290 1540 356 1646 xii.
375 1584 470 1646 nu.
488 1588 668 1647 moesus
688 1586 802 1646 naret.
827 1589 868 1662 Q.
889 1588 1108 1667 nauneqntn

98 1660 396 1733 lessehaudaslentior,
416 1676 448 1723 tu
463 1678 558 1723 tamen
578 1665 613 1724 ad
634 1664 735 1738 reliqua
751 1680 844 1738 pergas
858 1666 964 1727 velim.
1004 1672 1048 1729 M.
1062 1668 1109 1727 l’er·

96 1738 178 1803 equid.
249 1736 355 1798 severas
367 1753 399 1798 tu
411 1740 545 1816 quidem,
564 1741 594 1798 dt
608 1743 637 1799 in
649 1746 697 1799 tua
711 1752 806 1798 verere
818 1739 959 1801 sententia
973 1758 1111 1821 permanet.

95 1800 172 1852 Μ·
249 1816 289 1889 Q.
307 1817 422 1875 ¹¹.Nune
441 1817 608 1875 mehercule.
634 1819 694 1875 Att.
711 1815 774 1891 Ego
788 1814 850 1875 sane
866 1815 890 1875 d.
899 1821 1020 1893 Quinto
1030 1819 1109 1881 nosue
1136 1874 1139 1885 .

95 1869 198 1976 mff⁰¹²
247 1888 382 1950 dissentio
422 1892 540 1961 Sedet,
559 1910 624 1969 quae
638 1892 761 1961 rellant,
780 1891 935 1954 audiamus.
978 1898 1024 1955 M.
1038 1897 1110 1955 Dein·
1136 1932 1145 1959 ,-

94 1940 200 2041 'mc'
245 1983 308 2042 ceps
328 1970 410 2044 igitur
434 1968 563 2027 omnibus
589 1967 783 2043 magistratibus
809 1969 928 2043 auspicia
966 1975 998 2031 dt
1021 1972 1111 2048 juditia
1142 2001 1146 2029 :

245 2042 359 2105 dantur:
376 2044 497 2121 judicia,
517 2060 548 2104 ut
562 2042 736 2120 essetpopuli
749 2045 883 2119 poteslas,
904 2047 1043 2126 adquam
1058 2065 1110 2124 pru

95 2154 113 2188 ῃ
136 2135 416 2189 ςοωῑη.νοεαῐεωτε
436 2121 552 2196 auspicia
568 2166 576 2191 ‚
595 2137 626 2180 ut
654 2122 756 2179 multos
782 2122 892 2180 inutiles
918 2127 1110 2193 ¹comitiatus,

95 2212 135 2249 nn
144 2206 195 2253 atti.
246 2198 399 2271 probabiles
412 2198 577 2271 impedirent
591 2214 696 2256 morae:
716 2194 788 2272 saepd
808 2198 885 2255 enim
909 2204 1012 2277 populi
1034 2204 1111 2276 impe*

239 2288 309 2335 ¹turn
346 2273 476 2345 iniustum
508 2275 628 2349 auspiciis
661 2274 706 2333 dii-
725 2274 896 2332 immortales
927 2274 1112 2355 represserunt.

246 2347 327 2409 5'2Ex
340 2350 384 2429 his
398 2365 517 2421 autem,
536 2354 586 2429 qui
597 2349 784 2427 magistratum
801 2356 936 2425 ceperunt
953 2396 965 2426 ,
985 2352 1063 2433 quhd
1078 2350 1111 2410 se·
1137 2400 1140 2407 .

425 2459 428 2464 ¹
1044 2441 1112 2491 Milli
1137 2446 1140 2451 '

244 2622 265 2684 fi
277 2623 375 2670 trsbusur
389 2624 472 2686 aliquit
487 2626 511 2671 itt
525 2640 559 2669 me
570 2618 690 2686 populum]
711 2622 832 2671 Malumus
845 2622 988 2675 Tttlnebum
999 2629 1026 2677 δι
1037 2629 1110 2675 Μω-
1136 2636 1139 2641 “

248 2689 309 2735 tium
321 2690 383 2750 Nep.
396 2685 477 2748 sequi,
494 2701 566 2749 quam
579 2687 702 2749 vulgatum
714 2702 720 2732 a
731 2686 752 2742 fi
766 2689 789 2732 in
800 2700 822 2730 or
830 2702 860 2735 m.
869 2688 892 2743 f.
903 2704 930 2735 v.
937 2688 961 2747 f.
976 2691 1021 2747 inf.
1033 2688 1109 2738 inuidia
1137 2726 1141 2733 .

245 2750 354 2813 pepunffer
364 2750 494 2796 tribunitia:
509 2754 559 2812 quit
569 2753 593 2795 in
602 2766 635 2795 me
642 2751 712 2809 pupas.
724 2751 769 2802 (rc.
787 2749 906 2821 ¹Imeusin
916 2751 974 2799 mss.
986 2754 1060 2801 etiam
1069 2750 1110 2799 exi-

248 2809 878 2936 llttltsls.lls?llll⁵t.li'lllltllsl
898 2906 905 2920 .
923 2811 1110 2941 ἱξῖῗῖῧγῒῗζῑῗ
1143 2872 1146 2879 ·

247 2942 363 2987 Puteanus
378 2936 505 3001 adquiescit
518 2937 600 2985 nostre
614 2936 732 2990 ledrioni,
748 2933 787 2985 sed
802 2936 886 2984 mallet
896 2939 1008 2999 rescribi,
1019 2939 1112 3006 perulis·

242 3002 296 3062 ser,
307 3003 387 3061 fiquis
392 3001 423 3059 ste
434 3006 457 3046 nr
467 3018 514 3057 me,
530 2999 605 3048 recisis
616 2998 768 3047 intermediis.
801 3001 908 3045 Gclhard.

284 3080 320 3118 52.
336 3069 371 3110 Εκ
388 3067 421 3110 lis
435 3077 524 3119 autem,
539 3067 579 3127 qm*
592 3062 738 3125 magistratum
753 3073 866 3121 ceperunt,
882 3064 941 3125 quod
952 3065 1043 3123 [matus
1056 3062 1111 3127 effici-

248 3137 305 3180 tur,
321 3128 443 3188 popularem
454 3124 528 3186 flend]
555 3126 613 3175 Non
630 3123 723 3172 sustinui
744 3122 808 3182 sequi
823 3126 991 3181 coniedlutam
1000 3126 1108 3181 monesi.

249 3187 399 3253 telingentis,
412 3192 512 3251 populare
519 3188 561 3250 est,
575 3188 631 3237 ciem
642 3187 763 3251 vulgatam
773 3185 904 3237 lesllonem
914 3200 1028 3241 tueantur
1034 3186 1082 3239 mss.
1092 3191 1111 3237 S.

249 3250 339 3306 viltor.
349 3249 416 3301 Fabi.
429 3252 477 3300 Pal.
487 3264 540 3300 tert.
561 3252 629 3312 (nam
639 3263 716 3313 quart.
729 3247 770 3299 hle
786 3247 889 3313 deficit)
905 3264 982 3313 atque
991 3254 1054 3303 adeo
1062 3248 1112 3301 risa·

191 3350 193 3354 Α
248 3325 286 3361 tut
301 3313 326 3361 in
340 3310 394 3361 edd.
412 3313 466 3364 Ald.
484 3314 574 3364 vietor.
594 3313 699 3363 eeterhm
715 3325 758 3376 pro
775 3312 862 3371 sublata
881 3319 1013 3376 coaptatione
1030 3308 1113 3375 censoria*

246 3376 320 3489 fialae
327 3386 385 3487 fft'
397 3374 463 3427 Febr.
472 3378 560 3441 sublata
571 3377 708 3442 eslemptart't
716 3375 817 3439 censoria.
836 3375 961 3431 Lambiuo
972 3378 1041 3446 quod
1050 3377 1114 3433 libet,

280 3450 311 3491 et·
355 3452 398 3490 m·
