2296 3908
264 104 457 172 Lrnnn
500 104 750 171 Patruus.
841 114 924 186 3159

52 210 164 281 Saturni
189 213 322 276 Martisve
351 215 507 277 contraria?
527 235 575 275 cur
589 229 682 275 autem
702 213 769 272 deus
783 209 926 270 dormien-

53 304 98 355 tes
111 308 164 350 nos
177 305 309 363 moneat,
329 294 356 352 vi
375 295 469 353 ilantes
482 294 600 368 negligat
619 290 631 349 ?
651 291 718 367 quid
739 288 844 372 deinde·
860 303 926 345 cau·

54 366 93 427 sae
106 364 172 438 siit,
192 386 240 428 cur
255 312 399 429 Carandra
413 371 504 429 surens
519 371 608 429 futura
623 366 783 443 prospiciat,
802 364 925 423 Priamus

54 442 159 521 sapiens
174 445 229 503 hoc
243 445 318 505 idem
334 448 423 505 facere
438 465 496 505 non
510 444 614 522 queat?

97 518 155 579 Cur
169 519 215 578 fiat
228 524 374 600 quidque,
394 521 518 600 quaetis?
537 520 612 580 resse
633 519 761 578 omnino.
799 516 844 575 sed
865 505 989 621 non86f·
1009 508 1037 557 Β·

56 612 135 656 nune
155 595 185 655 id
204 600 300 674 agitur.
337 596 401 665 fiat,
421 616 510 658 necne
537 596 607 667 fiat,
627 596 655 655 id
676 596 815 670 quaeritur.
855 607 885 652 ut
904 590 925 653 fi

58 685 220 746 magnetem
233 675 354 752 lapidem
366 673 419 735 esse
433 675 542 746 dicam,
562 677 610 751 qui
623 675 726 732 serrum
742 673 769 725 ³⁶
778 672 812 730 ad
826 673 853 732 ie
867 674 925 731 alli-

58 749 114 806 ciat
133 749 162 806 &
186 751 273 813 trahat
289 773 298 820 ;
332 754 529 821 strationem,
549 768 597 809 cur
618 751 647 809 id
666 748 737 814 fiat,
758 748 857 807 afferre
875 768 926 808 ne-

58 841 178 900 queam:
199 824 257 889 tiert
270 826 389 889 omnino
403 846 494 904 neges.
532 826 620 901 Quod
633 825 708 885 idem
724 827 789 884 facis
810 827 838 884 in
854 826 924 885 divi·
992 871 1039 922 d·

17 916 20 921 ·
59 900 183 963 natione.
210 895 305 978 'quarn
320 907 349 965 ὃ(
364 907 499 964 cernimus
514 903 580 978 ipsi,
600 905 630 961 &
650 902 796 961 saudimus
813 944 821 970 ,
841 905 869 989 dt
884 884 991 983 lefnsssu
998 890 1053 987 ,ιζ-ζ’

58 978 174 1055 pimus,
195 979 255 1039 &h
288 982 386 1040 artibus
408 983 586 1057 accepimus:
606 996 698 1055 neque
719 990 782 1037 ante
803 978 979 1057 philem-,24

59 1054 154 1131 phiam
170 1001 351 1129 patesagam,
371 1074 436 1133 quae
450 1075 537 1132 nuper
550 1058 662 1116 inventa
676 1053 713 1113 est
729 1096 738 1125 ,
762 1057 815 1114 hac
837 1056 872 1113 de
895 1072 925 1114 te

931 344 945 394 f
954 344 1075 409 (Μῶν,

929 412 1011 471 04υῶ

10 1150 23 1251 ι
60 1132 220 1189 communis
234 1135 289 1191 vita
303 1133 451 1192 dubitavit:
472 1136 502 1191 dc
515 1133 629 1207 postea,
648 1130 734 1266 §uim
756 1131 928 1206 philosophia

61 1206 204 1282 processu,
225 1227 311 1266 nemo
325 1210 401 1267 aliter
414 1209 588 1284 philosophus
602 1208 647 1266 sen
669 1222 679 1265 t
694 1251 702 1276 ‚
722 1208 823 1284 inquo
839 1208 927 1268 modo
1002 1256 1006 1263 .

28 1318 31 1323 -
62 1278 129 1341 esset
141 1283 294 1345 austoritas.
331 1284 399 1342 Dixi
411 1286 446 1342 de
459 1285 631 1358 Pythagora,
651 1283 686 1342 de
700 1285 866 1342 Democrito
876 1286 927 1355 ,de
937 1273 974 1348 87
988 1344 991 1349 Δ

61 1354 192 1418 Socratea
213 1360 310 1435 excepi
324 1360 359 1417 de
372 1360 506 1434 antiquis,
525 1370 624 1433 praeter
637 1358 858 1429 Xenophanem,
878 1380 928 1419 ne·

60 1435 188 1494 minem:
209 1434 321 1509 adjunxi
340 1448 463 1493 veterem
486 1434 692 1497 Academiam.
713 1435 931 1508 Peripateticos,

22 1528 31 1545 ··
60 1506 182 1569 Stoicos.
223 1527 293 1569 unus
308 1508 426 1569 dissentit
439 1510 581 1584 Epicurus.
601 1508 629 1563 38
638 1510 704 1586 quid
718 1510 785 1567 vero
802 1512 928 1575 hoctur·

10 1608 28 1677 3·
58 1584 245 1725 filtlsfisquum
259 1585 338 1663 quod
349 1586 424 1646 idem
439 1587 542 1646 nullam
555 1585 634 1646 sensit
647 1588 792 1663 gratuitam
808 1584 861 1645 esse
876 1588 929 1646 vir·

10 1680 15 1717 r
76 1679 124 1718 ue
172 1705 178 1719 .

12 1786 17 1791 .
101 1738 166 1794 XL.
186 1740 284 1811 Quis
305 1756 373 1797 asa
392 1750 504 1810 autem,
524 1740 608 1815 quern
625 1757 683 1798 non
698 1739 928 1798 moveatciariffi·

10 1822 34 1871 ³.
58 1815 116 1874 mis
138 1817 327 1873 monumentis
356 1825 384 1868 39
398 1817 491 1873 testata
518 1814 730 1891 consignataque
751 1816 925 1890 antiquitas?

62 1891 247 1957 Calchantem
262 1908 393 1965 augurem
408 1891 495 1950 scribit
509 1893 650 1951 Homerus
665 1893 748 1966 longe
769 1897 929 1965 optimum,

46 1984 188 2055 ¹eumque
203 1966 303 2027 ducem
317 1967 458 2034 hclassium
471 1966 558 2029 suiffe.
577 1979 642 2036 40at
654 1968 732 2027 ilium
747 1970 927 2047 auspiciorum
941 1977 1049 2056 hflc'laffia

874 2042 1083 2155 “ess'‘ass'ff'

937 2166 1001 2215 classi
1012 2173 1083 2216 (ἐπε.

99 2252 136 2302 36.
154 2249 199 2295 ord
208 2248 228 2303 se
237 2248 323 2296 alliciat
334 2249 360 2301 ῤ’
371 2252 457 2306 trahar,
472 2251 595 2309 aurianam}
624 2253 660 2297 ita
670 2247 717 2298 Pas.
730 2250 800 2312 pn&
813 2247 856 2298 soc.
869 2248 929 2299 item
937 2244 978 2280 ⁰¹2
986 2233 1072 2294 ⁰⁴va

31 2307 125 2377 sediti
138 2308 150 2358 h
165 2311 277 2359 vistorio.
300 2312 434 2360 Pithoeanus
450 2345 457 2367 ,
473 2315 500 2364 d·
510 2317 626 2369 attraham
642 2316 750 2362 rationem.
778 2312 886 2374 vulgati,
902 2317 930 2364 ds·

65 2374 155 2427 trahar,
170 2388 192 2416 aa
203 2378 314 2422 rationem.
331 2374 478 2437 quodetiam
492 2376 517 2424 in
531 2377 579 2426 l’al.
596 2387 648 2424 tert.
662 2377 686 2424 &
699 2387 803 2439 quarto,
816 2375 930 2438 sequioris

10 2462 16 2489 ;Ι
65 2446 131 2483 note
143 2435 269 2485 codicibus.
285 2440 372 2487 Gruter.
405 2435 483 2488 Datis.
494 2437 566 2487 edidit
576 2443 678 2488 attrahar.

100 2511 138 2552 ῃ.
159 2507 196 2543 „aa
206 2505 307 2545 rationem
317 2517 355 2548 cur
369 2503 393 2546 id
399 2502 462 2559 fian]
491 2505 529 2549 lta
540 2500 648 2566 scriptum
660 2499 728 2555 estin
739 2501 857 2565 antiquo,
873 2514 928 2551 curn

10 2572 23 2607 a
65 2558 218 2623 inimpreshs
229 2560 287 2609 desit
299 2564 409 2624 particula
419 2577 448 2612 ar.
482 2561 558 2612 Utsrn.

101 2629 137 2672 38.
155 2624 219 2678 Quia
228 2641 278 2670 vero
288 2628 324 2670 hoc
334 2631 429 2686 turpius,
444 2641 510 2687 quam
522 2627 579 2690 quad
589 2626 666 2682 idem]
689 2624 818 2679 Lambinus
829 2643 858 2676 ex
870 2642 930 2676 con·

65 2682 155 2743 §cunta
166 2684 241 2746 dedit,
260 2689 314 2748 quid
324 2705 372 2734 vero
383 2695 419 2736 hac
429 2693 525 2752 turpius,
540 2689 597 2751 quad
612 2690 675 2740 idem.
707 2688 751 2736 Sed
767 2688 862 2749 scopum
879 2704 929 2738 non

11 2766 16 2771 ·
66 2745 162 2811 tetigita
179 2764 235 2797 nam
248 2749 393 2811 legendum,
416 2754 455 2811 qus
470 2770 520 2798 veto
536 2754 572 2797 hoc
585 2754 689 2812 turpius,
704 2767 769 2813 quam
788 2755 845 2812 quad
864 2754 928 2799 idem.

10 2830 14 2837 ·
66 2811 160 2859 Nullam
171 2824 250 2860 autern
266 2813 355 2860 censuit
371 2813 481 2875 Epicurus
497 2818 612 2869 traruiram
628 2814 665 2872 effa
680 2817 800 2867 virtutem,
817 2815 872 2876 quia
889 2815 930 2861 dui

10 2896 13 2901 ·
40 2872 44 2881 ’
65 2875 109 2918 uta
125 2872 196 2921 ituria
212 2877 250 2921 uari
266 2874 311 2924 truse
327 2878 407 2925 a‘auaaa
426 2874 565 2937 αἱρεῖσθαι,
590 2878 604 2923 a’
618 2876 642 2924 δι’
663 2875 838 2928 adaiestatuit.
870 2874 930 2926 Vide

66 2935 210 2997 Menagiutn
222 2937 251 2984 ad
267 2937 442 2992 husechinus
485 2941 567 2999 Daoifi

102 3011 139 3052 39.
156 2999 240 3055 Testata
249 3001 403 3062 confignuraque
413 3003 552 3060 antiquina]
567 3000 642 3048 Prima
654 3015 701 3048 uox
718 2999 756 3048 hic
772 2999 796 3048 in
814 2997 931 3064 significa·

66 3058 136 3109 done
146 3060 233 3121 passiva
243 3062 353 3117 sumitur,
371 3062 435 3126 quod
447 3065 505 3115 olim
518 3065 610 3113 notavit
621 3064 728 3126 ngeuius
744 3066 777 3123 N.
790 3068 820 3111 A.
837 3062 878 3115 lib.
889 3078 930 3115 κν.

67 3124 120 3185 cap.
129 3137 166 3176 1³·
183 3125 219 3172 Sic
230 3124 261 3171 ad
273 3127 377 3173 Atticum
388 3125 428 3174 lib.
437 3139 455 3179 t,
473 3135 552 3191 epto.
570 3134 641 3189 Neque
653 3129 704 3173 diui
718 3127 837 3190 quidquam
852 3139 889 3188 pru
899 3138 932 3173 te·

19 3224 22 3231 .
62 3186 179 3245 stimania,
195 3188 251 3248 quod
262 3204 302 3233 noa
310 3201 356 3234 erut
366 3191 398 3235 ita
408 3201 479 3234 aarum
489 3204 551 3250 atque
563 3190 680 3248 testatum,
699 3202 723 3236 ut
737 3207 777 3235 nan
789 3192 865 3251 poffem
879 3204 933 3251 pra·

65 3250 152 3370 ηνιή.Γ
172 3253 208 3297 lta
216 3251 304 3314 puntiau
314 3253 395 3298 litteris
409 3250 484 3311 testata
499 3255 570 3299 amnia
586 3250 645 3299 dixit
661 3265 704 3315 pto
716 3256 817 3302 Murena
831 3266 882 3316 cap.
896 3268 933 3302 ιι.

66 3314 152 3363 Davi.
347 3346 350 3351 .
824 3335 825 3339 ¹

96 3390 136 3432 40.
154 3378 193 3421 ,At
204 3376 269 3422 issum
279 3377 439 3439 auspiciorum]
455 3377 566 3440 Corrupti
576 3373 716 3426 heicomnes
724 3378 785 3430 iibri.
800 3378 840 3427 vix
851 3391 934 3427 tamen

62 3434 167 3499 cordato
177 3435 274 3490 dubium
285 3442 343 3507 quin
352 3438 520 3492 rescribendum
531 3440 559 3488 sit
571 3453 624 3488 curn
636 3441 781 3502 Gulielmio,
796 3443 869 3491 ducem
880 3442 945 3497 asaf>

445 3506 674 3570 stssssssS
881 3503 934 3563 fis*
