2296 3908
236 118 431 197 larana
474 132 770 196 Teneion
872 152 952 224 3403

72 229 282 316 {rerumquae
296 239 352 315 ipse
366 238 394 298 se
415 236 559 317 projecire
580 240 609 298 tn
631 238 725 297 forum
748 237 835 310 arnt,
856 244 954 317 quun

75 317 287 395 digladiarentur
302 319 373 376 iuter
387 317 415 374 se
429 318 503 376 cives
518 359 527 383 ,
546 333 642 374 nonne
665 329 782 372 ornnem
798 318 954 391 reipublicae

79 393 180 453 statum
195 391 390 469 permutavit?
410 393 488 468 Quid
507 394 567 468 iam
588 392 623 449 de
656 390 792 450 Saturnini
820 393 955 468 supplicio

77 468 245 549 reliquisque
261 468 373 528 dicam?
393 487 464 546 quos
477 487 514 527 ne
528 467 686 544 ‘ldepellere
700 467 814 542 quidem
830 470 880 528 ise
894 465 978 531 {ined
992 467 1108 544 {eutllffi

78 548 261 623 ferropotuit
275 544 445 621 respublica?
961 533 1015 613 ⁶²¹³?

124 624 183 682 Cur
195 636 291 681 autern
305 635 352 682 aut
367 635 482 692 vetera,
500 634 547 681 aut
560 622 647 681 aliena
661 621 832 695 proferamus
845 623 936 699 potius
944 635 1003 697 ‚ar

81 698 170 777 quim
185 702 214 757 dt
227 699 332 769 nostra,
354 702 383 758 δι
395 699 536 759 recentia?
555 700 615 774 quis
629 715 763 772 umquam
777 712 834 758 tam
848 700 958 775 audate,-

82 788 143 835 tam
159 776 287 834 inimicus
299 776 378 835 nobis
392 776 501 846 sufflet,
515 788 545 834 ut
558 777 691 849 cogitaret
705 791 840 850 umquam
855 777 890 835 de
905 779 958 837 sta·

56 888 62 913 t
83 858 117 911 t'u
130 853 223 912 nostro
235 851 428 912 labefactendo
439 894 457 922 ,»
467 850 517 912 nili
531 868 695 909 mucronem
711 852 830 926 aliquem
843 855 959 914 tribuni-

84 930 162 988 cium
178 925 324 988 exacuillet
336 931 365 988 in
379 928 452 987 nos?
471 946 555 1005 quem
572 926 636 985 cirm
651 929 779 986 homines
793 929 912 989 scelerati
924 949 958 991 ae

86 1005 205 1081 perditi,-
223 1023 282 1063 non
297 1004 389 1063 modo
401 1006 477 1064 ⁰ulla
490 1007 518 1063 in
534 1005 622 1062 domo
638 1047 648 1072 ‚
666 1003 712 1061 sed
731 1004 804 1062 nulla
827 1007 855 1064 in
874 1021 979 1082 gentee
996 1008 1062 1060 nun
1103 1078 1106 1083 ¹

90 1082 258 1156 reperirent,
277 1093 373 1158 gentes
388 1081 436 1140 sibi
450 1084 479 1139 in
500 1082 616 1139 tenebris
639 1080 795 1154 reipublicae
816 1094 845 1136 44
853 1097 958 1158 pertut·
967 1073 1042 1123 W·
1059 1101 1064 1113 ¹
1104 1102 1109 1109 ·

90 1157 193 1218 bandas
206 1169 380 1234 putaverunt.
419 1157 508 1232 Quod
522 1158 601 1214 nobis
614 1156 730 1232 quidem
743 1160 883 1233 egregium
899 1203 908 1229 ‚
929 1164 959 1220 &
999 1160 1025 1206 Ρ·
1042 1157 1071 1207 ¹⁸·

89 1234 126 1294 ad
145 1235 386 1305 inmortalitatem
404 1234 552 1292 memoriae
572 1232 746 1307 gloriosum,
766 1237 910 1295 neminem
928 1240 959 1297 in

90 1327 143 1370 nos
159 1312 288 1369 mercede
299 1311 353 1368 ulla
366 1311 505 1369 tribunum
519 1305 635 1384 potuiffe
649 1311 775 1384 reperiri,
794 1312 844 1370 nifi
854 1307 983 1374 cuifnef
994 1299 1095 1366 necarit.

94 1383 149 1445 effe
162 1388 275 1465 quidem
290 1382 406 1446 licerillet
422 1387 541 1445 tribuno.

132 1461 185 1539 Sed
205 1464 250 1521 ille
272 1479 338 1539 quas
358 1462 455 1538 strages
468 1460 577 1520 edidit?
595 1478 639 1520 eas
652 1461 796 1532 videlicet,
816 1482 882 1540 quas
904 1466 1007 1530 fineaa

91 1538 217 1610 tatione„
237 1546 270 1599 ac
284 1538 408 1617 smeulla
420 1540 465 1615 spe
479 1539 552 1596 bona
572 1538 648 1597 furor
670 1539 751 1597 edere
763 1543 855 1615 potuit
870 1546 972 1619 impu«

59 1638 63 1643 ·
95 1632 135 1674 rae
148 1615 239 1675 beluae
253 1615 444 1687 ‚multorum
464 1612 649 1674 inflammatus
669 1616 813 1675 furoribus.
851 1622 963 1695 Quam·

94 1690 194 1750 obrem
209 1694 238 1751 in
253 1692 300 1751 ista
312 1692 427 1768 quidem
441 1710 470 1751 re
485 1692 666 1749 vehementer
680 1690 781 1750 Sullam
792 1695 898 1768 probo,
914 1697 963 1774 qui

93 1768 208 1827 tribunis
221 1768 305 1843 plebis
318 1770 362 1826 lua
374 1769 436 1844 lege
449 1768 557 1843 injuriae
571 1768 707 1825 faciendae
719 1770 882 1841 potestatem
898 1775 963 1833 ade·

97 1846 204 1914 merit,
224 1845 336 1903 taurilii
355 1844 461 1905 ferendi
482 1843 641 1920 reliquerit:
662 1844 885 1925 Pompejumque
906 1868 986 1919 no-tp
998 1856 1113 1911 auxilium

94 1920 181 1981 stmm
197 1921 292 1980 ceteris
306 1920 385 1980 rebus
406 1920 683 1997 omnibus,1semper
703 1922 869 1997 ampliffimis
889 1923 1019 1986 sum-⁴15⁴
1029 1924 1082 1982 ‘Ma

99 1997 318 2074 misqueeffero
340 1997 489 2065 laudibus,;
516 1997 551 2056 de
563 1996 706 2054 tribunicia
721 1998 854 2072 potestate
874 2013 966 2065 taceo.

99 2090 154 2133 nec
168 2075 244 2134 eninr
259 2075 457 2150 reprehendere
472 2074 555 2140 libet,
575 2089 628 2129 nec
640 2072 750 2131 laudare
803 2072 883 2135 ffssme

139 2151 174 2209 X.
194 2153 237 2210 Μ.
256 2153 305 2210 Vr
315 2171 381 2210 rra
400 2150 515 2227 quidem
527 2147 679 2207 tribunatus
691 2166 765 2225 praec
777 2149 1010 2231 are,Quinte,23

100 2226 165 2305 pers
179 2228 235 2287 icis.
255 2228 309 2288 Sed
323 2228 361 2288 est
374 2230 468 2305 iniqua
484 2225 605 2285 inomni
620 2241 650 2282 re
663 2226 811 2288 accusanda
827 2274 836 2299 ,
850 2246 969 2307 praeter-

101 2247 184 2364 milsss
199 2304 303 2375 bonis,
325 2305 461 2377 malorum
478 2301 674 2369 enumeratio,
693 2305 971 2384 vitiorumquesele«

103 2379 169 2438 dio.
198 2383 286 2445 ,Nam
300 2382 350 2443 isto
364 2381 478 2457 quidem
493 2377 581 2437 modo
595 2380 624 2431 45
633 2378 679 2437 vel
697 2379 851 2445 consulatus
862 2386 973 2462 vitupe-

103 2455 219 2524 notit,
240 2457 260 2515 st
279 2457 446 2525 consulum,
473 2470 545 2532 quos
564 2471 726 2513 enumerare
748 2458 839 2530 nolo,
858 2475 972 2536 peccata

104 2531 176 2590 colle
196 2536 256 2594 eris.
292 2535 355 2620 Ego
369 2534 445 2593 enim
459 2532 549 2591 fateor
562 2531 591 2589 in
605 2529 652 2589 ista
672 2532 725 2605 ipsa
742 2535 874 2608 potestate
887 2537 972 2599 ineffe

125 2551 237 2669 uidffam
254 2611 329 2671 mali.
367 2610 422 2669 Sed
434 2611 559 2675 bonum,
579 2607 657 2683 quod
672 2607 711 2666 est
723 2608 868 2684 quaefitum
882 2616 912 2672 in
927 2633 973 2686 ea,

148 2704 164 2744 e
178 2687 227 2745 isto
243 2687 318 2745 malo
331 2703 390 2747 non
405 2686 578 2745 haberemus.
619 2684 711 2743 Nimia
730 2687 845 2760 potestas
871 2690 908 2749 est
926 2693 975 2751 tri·

107 2761 247 2824 banorum
260 2763 354 2840 plebis.
390 2762 450 2838 quis
464 2756 567 2838 negat?
586 2758 633 2818 sed
649 2761 688 2820 vis
709 2761 806 2837 populi
820 2766 910 2826 multo
923 2766 975 2827 sae·

914 2845 977 2904 tior

109 3040 230 3120 Gebhard.
248 3037 798 3105 Cujreiutadtlovellamnxxxv.producebat
809 3035 978 3104 ruinistrsmt'·

106 3107 178 3227 fiexa
196 3110 372 3227 gazaeos]
400 3166 520 3217 Tollenda
535 3165 634 3216 asterisci
647 3178 706 3215 nora
722 3164 772 3215 line
781 3163 848 3215 eausa
863 3164 977 3231 appoura.

110 3235 235 3349 affingi
245 3293 364 3354 consolatus
375 3295 482 3356 vituperio
492 3291 541 3350 etl]
560 3293 649 3357 Recepi
660 3304 744 3340 contra
753 3305 838 3340 omne·
848 3280 902 3341 edd.
918 3290 980 3338 hane

111 3357 242 3406 tottionem
252 3355 377 3421 repolitam
387 3356 402 3404 λ
413 3355 526 3404 concordi
537 3356 609 3405 Palae.
625 3351 744 3404 conlensu.
767 3370 823 3403 narn
835 3354 866 3403 fic
877 3354 983 3412 loquitu:

112 3420 198 3468 Cicero
210 3419 419 3484 frequentissime,
434 3418 529 3481 aliique.
551 3420 629 3486 Vulgo
644 3420 794 3484 vituperabilis
809 3417 856 3479 ull,
871 3415 937 3480 quod
952 3414 984 3465 li·

113 3480 390 3553 qaetmuprogroua
421 3483 529 3548 Gebhard,-

873 3550 912 3604 4‘·
926 3540 989 3605 Qa'u
