2296 3908
181 118 441 211 ‚Linea
482 108 781 210 Taurios.
873 147 955 217 3¹07

70 229 169 307 suscipi
183 228 272 292 dicitis
292 240 433 308 oportere.
471 232 587 308 Nempe
609 230 707 308 singuli
727 246 858 296 vovent:
878 239 955 300 audit

67 310 151 389 igitur
167 325 248 368 mens
261 307 356 369 divina
371 307 456 369 etiam
472 309 507 368 de
521 307 640 384 singuiis.
659 308 769 369 Videtis
783 328 868 388 ergo,
884 332 947 377 cam

21 410 28 421 ·
67 404 129 453 non
144 381 200 461 elie
214 396 273 444 tam
288 395 475 460 occupatam,
493 384 581 463 quim
590 384 750 469 putabatis?
769 389 825 447 Fac
838 387 894 448 elie
905 392 948 451 di·

66 462 186 524 sseutam
202 503 211 531 ,
230 460 334 521 caelum
355 461 509 523 versantem
525 505 534 533 ,
553 475 655 524 terram
684 473 838 534 tuentem,
858 468 946 527 maria

67 540 282 601 moderantem:
303 549 425 599 curtam
439 539 543 599 multoe
558 537 627 599 deos
648 538 718 600 nihil
738 557 819 616 agere
838 543 870 600 &
889 545 947 603 ces·

67 614 128 677 sare
159 615 263 675 atitur?
272 632 322 674 cur
335 633 395 676 non
410 617 489 676 rebus
503 616 632 676 humanis
645 615 753 693 aliquos
765 617 870 678 otiosos
877 619 946 680 deos

87 710 126 753 rae
148 690 206 752 cit?
246 694 275 752 ui
290 689 307 751 ὲ
322 703 368 763 te,
387 691 490 764 Balbe,
506 691 719 753 innumerabiles
732 694 860 770 explicati
874 694 946 758 sunt.

101 788 145 830 aec
157 768 216 830 fere
252 771 324 828 'cere
337 768 421 828 habui
434 769 579 831 denatura
594 767 714 828 deorum
731 811 740 839 ,
759 787 819 829 non
833 783 865 830 ut
877 789 943 832 earn

15 888 21 895 -
64 848 214 917 tollerem,
232 845 280 906 sed
293 857 325 905 ut
338 845 542 922 intelligeretis,
559 842 647 924 quim
666 840 735 906 effet
753 844 893 920 obscura,
911 838 943 910 dc

10 1550 26 1697 i

10 1746 24 1835 l

61 922 593 1003 quimdifficileoexplicatushabeteo
828 974 833 980 .

106 1002 172 1063 XL.
229 1022 282 1061 ura
303 998 380 1059 clau
394 997 518 1071 dixisset,
539 995 881 1062 CottasflmmLucilius
894 1018 992 1082 ιιι-94

66 1087 147 1150 tem,
167 1079 213 1139 Ve
234 1075 388 1146 ememus,
407 1077 515 1154 iuquit,
536 1078 639 1149 Cotta,
657 1089 689 1138 tu
701 1077 817 1156 quidem
833 1121 842 1149 ,
861 1081 969 1139 inve-d
984 1082 1059 1136 finem

66 1154 127 1216 &us
140 1173 169 1216 es
182 1156 250 1215 erin
264 1170 329 1214 eam
344 1152 504 1214 Stoicorum
519 1155 658 1214 rationem
673 1197 682 1225 ,
709 1171 776 1232 quae
797 1155 832 1215 de
847 1157 940 1230 provi·
949 1143 1015 1202 secir.
1026 1152 1078 1203 ⁶1¹²·

67 1230 161 1293 dentia
184 1231 302 1292 deorum
324 1229 359 1289 ab
379 1229 429 1289 illis
449 1229 613 1307 saridiffime
645 1232 676 1290 &
704 1231 942 1307 providentissime

65 1309 213 1369 constituta
227 1308 275 1368 est.
313 1305 368 1366 Sed
381 1308 522 1383 quoniam
537 1304 750 1384 advesperascit,
770 1308 843 1367 dabis
864 1310 941 1371 diem

67 1385 148 1446 nobis
160 1386 300 1464 aliquem,
319 1395 351 1443 ut
365 1395 463 1442 contra
475 1383 523 1442 isla
542 1383 676 1444 dicamus.
714 1382 752 1442 cst
772 1385 848 1443 enim
872 1388 942 1448 mihi

67 1472 166 1523 tecum
187 1478 240 1538 pro
260 1462 311 1521 aris
331 1462 362 1520 δε
376 1459 447 1519 socis
460 1461 657 1530 certamen,&
671 1476 722 1535 pro
734 1459 852 1519 deorum
867 1464 942 1521 tem·

65 1538 118 1615 plis
145 1548 229 1617 atque
251 1537 391 1606 delubris,
418 1553 528 1625 proque
550 1536 623 1596 urbis
643 1537 753 1607 muris,
772 1553 843 1614 quos
864 1552 941 1609 vos,

85 1613 231 1687 ontifices,
247 1613 353 1675 landos
367 1610 421 1672 effe
435 1612 541 1684 dicitis,
559 1612 769 1689 diligentiusque
790 1613 886 1672 urbem
899 1631 942 1673 re·

64 1633 188 1771 Egione,
227 1689 293 1752 uim
306 1689 368 1767 ipsas
381 1690 520 1750 moenibus
533 1689 650 1766 cingitis.
686 1707 752 1766 quae
766 1689 942 1761 deseriame,

66 1768 137 1831 dum
154 1709 270 1848 quidem
281 1767 379 1844 spirare
392 1778 510 1842 potero,
530 1768 607 1827 nesae
616 1765 725 1842 judico.

10 1846 14 1911 3
106 1847 189 1908 Tum
204 1846 307 1913 Cotta,
326 1843 389 1920 Ego
404 1842 474 1902 uero
488 1844 518 1902 &
531 1855 602 1918 opto
617 1841 742 1919 redargui
756 1859 820 1914 me,
838 1843 984 1913 Balber95
1016 1884 1024 1896 ·

64 1925 99 1987 de
108 1940 160 1996 ea,
217 1940 244 1982 ae
257 1920 407 1996 disputavi,
427 1915 553 1978 differere
565 1917 666 1988 malui,
687 1917 774 1994 quim
787 1920 960 1996 qudicareze
975 1909 1090 1976 diiudicat,

66 2003 99 2063 dc
115 1999 179 2062 sacal
218 2015 267 2060 me
286 1996 304 2056 a
324 2009 353 2056 te
373 1996 450 2055 vinci
469 1993 569 2070 posse,
589 1993 667 2055 certo
688 1995 754 2055 scio.
798 1997 913 2075 Quippe
926 1979 1035 2089 ’w'

10 2130 12 2135 .
63 2078 156 2157 inquit
170 2074 312 2142 Velleius,
330 2070 360 2127 48
366 2073 416 2149 qui
430 2071 513 2130 etiam
528 2070 636 2130 somnia
649 2082 728 2147 putet
749 2069 785 2130 ad
798 2090 850 2132 nos
864 2076 938 2134 mitti
1012 2075 1023 2093 ⁶

61 2155 99 2217 ab
112 2155 194 2229 Jove.
232 2155 310 2228 Quae
321 2147 376 2224 ipsa
390 2159 485 2207 tamen
498 2159 557 2207 tam
577 2146 648 2207 levia
668 2165 727 2207 non
746 2146 832 2217 sunt,
851 2149 938 2226 quim

63 2231 104 2292 est
116 2231 277 2291 Stoicorum
292 2227 327 2286 de
341 2235 438 2284 natura
451 2223 570 2283 deorum
586 2224 685 2284 oratio.
724 2223 800 2283 Haec
813 2223 940 2286 cum-es·

62 2308 125 2370 seut
136 2307 228 2375 dicia,
246 2307 284 2364 ita
300 2299 483 2370 discedimus,
501 2312 533 2360 ut
547 2297 659 2360 Velleio
681 2301 778 2358 Cottae
791 2299 937 2377 disputatio
993 2334 996 2339 ·

64 2386 177 2455 verior,
196 2382 266 2442 mihi
281 2376 358 2439 Balbi
378 2376 414 2437 ad
433 2375 553 2438 vocitatis
571 2375 780 2438 similitudinem
801 2379 941 2441 uideretur

63 2459 122 2525 effe
134 2456 304 2542 propensior.
355 2480 358 2484 ⁸

94 2630 135 2676 ⁴7·
148 2621 232 2666 ineam
246 2611 367 2660 Stoicorum·
381 2611 506 2668 vasonem]
534 2603 684 2672 sicquidem
699 2604 750 2657 aas.
765 2603 808 2657 sec.
825 2617 850 2655 at
860 2620 894 2670 pr.
913 2610 939 2656 su

61 2696 140 2739 aaa,
156 2677 222 2742 supra
231 2672 388 2738 scriptumque
397 2672 529 2733 estmterr.
541 2674 663 2722 ioman.
679 2682 775 2735 quartos
786 2670 894 2733 acquirat.
911 2673 935 2719 ri·

45 2776 48 2781 -
61 2760 127 2794 arura
135 2741 199 2804 saar»
208 2740 330 2789 «striarum
339 2738 453 2784 rationo».
469 2739 492 2786 Ρ.
500 2736 525 2782 su
533 2750 606 2783 aeram
617 2734 688 2794 istm
703 2731 847 2782 Gulielmius
857 2730 936 2798 linge·

62 2805 119 2865 bat,
135 2809 229 2862 suman
238 2800 302 2863 plu»
312 2801 447 2856 Stoicarum,
463 2792 550 2848 omisso
559 2800 672 2854 ratiarnam,
704 2799 798 2845 Gruter.

93 2877 134 2929 4⁸·
174 2869 199 2914 ro·
208 2862 470 2928 uiamsameiapueetad
480 2877 517 2909 ms
526 2860 623 2909 nitrias
628 2860 705 2921 Jove]
719 2853 832 2922 Respexit
843 2855 873 2909 ad
882 2860 936 2909 Ho-

119 2930 125 2942 ‘
232 2928 295 2991 ,ael
310 2923 360 2994 pag
372 2926 398 2978 τ’
409 2924 461 2991 ἄνις
475 2923 503 2974 ἰιι
513 2921 559 2978 dria
569 2923 624 2976 ier.
656 2921 731 2982 vrssr.

191 3310 256 3325 ..
367 3266 593 3323 unauna-m
710 3247 769 3326 M
793 3187 943 3329 Tm·
1097 3352 1104 3359 Ι
