2296 3908
257 126 451 194 Linon
492 107 791 193 Taurios:
882 136 990 212 3407·
1081 210 1084 215 Ι

79 244 161 297 natus
176 224 313 305 efficitur,
334 244 362 290 5³
372 234 536 312 popularem
551 233 768 294 sanenemiuem
782 231 964 311 infirmmum

80 313 197 383 iocum,
216 313 267 373 nist
282 330 331 388 per
346 313 501 388 populum,
521 314 641 380 venire,
661 311 763 392 sublata
782 310 965 386 cooptatione

80 389 215 450 censoria.
254 389 310 449 Sed
324 387 423 464 praelio
439 388 476 448 est
490 388 571 464 hujus
593 389 659 446 vitii:
674 386 840 462 temperatio
856 428 865 456 ,
885 382 965 463 quod

80 463 191 526 senatuis
204 466 266 542 lege
280 467 371 525 nostra
386 466 568 525 confirmatur
580 464 736 524 audieritis.

121 542 251 621 Sequitur
273 544 350 602 enim
367 562 375 600 ι
395 543 451 619 ‘ejus
471 543 574 599 datram
593 548 679 615 sunto.
720 541 794 599 Nam
818 539 856 598 ita
872 536 903 609 se,
918 542 960 595 re's
972 544 1008 604 28

51 634 55 641 ·
79 617 181 690 habet,
202 631 250 688 ut,
270 618 291 677 fi
310 618 419 679 senatus
435 620 566 677 dominus
582 618 614 676 srt
628 617 730 693 publici
745 613 960 701 consiliiquod·

75 708 138 771 que
153 697 174 754 is
189 695 324 767 creverit,
344 696 497 755 defendant
512 712 636 753 omnent
657 696 685 753 br
704 736 714 762 ,
733 692 753 751 fi
767 693 877 753 ordines
897 689 961 763 reli,-

77 772 152 846 qui‚
174 773 303 848 principis
325 772 430 832 ordinis
450 770 566 830 consilio
587 770 786 845 rempublicam
813 768 959 844 gubernari

75 847 182 916 velint,
204 849 301 923 poffit,
322 850 576 982 attemperatione
594 848 687 924 juris,
708 846 772 905 cbm
794 845 910 921 potestas
929 845 958 902 in
986 847 1103 911 1³,ch

74 924 203 999 populo,
223 926 370 984 autioritao
385 928 414 984 in
443 923 595 992 enotuit,
611 925 711 983 teneri
732 923 778 981 ille
800 921 959 989 moderatus

74 1002 247 1087 dcconcors
270 1003 386 1060 civitatis
406 1002 510 1070 status,
530 1002 680 1075 praesertim
703 999 723 1059 ii
748 1000 886 1074 proximae
905 999 960 1074 legi

73 1076 224 1152 parebitur.
263 1078 338 1137 Nam
363 1078 525 1152 proximum
541 1076 587 1136 est.
627 1086 653 1135 Is
676 1078 736 1134 ordo
760 1076 827 1135 virio
852 1093 958 1141 tarum.

75 1153 167 1210 ceteris
185 1154 307 1231 specimen
330 1153 386 1224 elio.
425 1154 464 1229 Q.
488 1153 658 1212 54Praeciara
676 1152 768 1223 nero,
787 1153 888 1222 frater,
908 1152 956 1211 ista

74 1228 124 1289 tex
138 1228 193 1299 est,
215 1232 245 1289 &
255 1229 310 1289 lati
322 1242 414 1305 patet,
433 1242 466 1289 ut
480 1231 550 1289 vitio
566 1243 656 1287 careat
672 1230 760 1298 ord0,
783 1230 812 1287 &
822 1240 848 1283 55
861 1230 958 1301 uerso·

69 1318 137 1364 rem
152 1318 259 1381 quaerat
273 1307 465 1381 interpretem.
503 1307 564 1364 Att.
584 1306 633 1364 lile
647 1304 716 1363 verb
734 1346 743 1373 ,
763 1304 812 1363 etsi
828 1305 955 1377 esttotus
967 1325 1004 1383 ²9
1096 1344 1100 1349 -

71 1388 139 1440 tuus
157 1382 246 1452 ordo,
264 1382 499 1457 gittiiiimamque
516 1382 685 1441 memoriam
709 1383 807 1440 retinet
833 1383 957 1444 consula-
1096 1392 1101 1407 '

72 1462 119 1516 t'ua
133 1459 192 1525 tui,
211 1470 352 1533 pace-tua
374 1457 521 1528 dietim,
547 1476 606 1517 non
630 1456 720 1517 modi)
742 1458 892 1531 censores,
909 1460 957 1519 sed

71 1534 160 1593 etiam
172 1535 281 1609 judices
295 1550 395 1594 ornnes
410 1535 499 1612 potest
517 1535 677 1608 defatigare.

69 1628 74 1635 ·
104 1610 197 1669 'X111.
216 1612 259 1669 M.
280 1613 363 1672 our
375 1632 450 1671 rra
469 1612 535 1682 ista,
554 1611 659 1675 Attice.
678 1628 738 1671 non
758 1613 834 1671 enim
849 1612 957 1674 dehoc

71 1685 187 1756 senatu,
207 1704 262 1747 nec
275 1689 318 1747 his
331 1689 368 1747 de
383 1689 544 1748 hominibus
560 1688 637 1764 ,⁵qui
655 1704 730 1751 nunc
748 1688 832 1757 sunt,
852 1689 898 1749 sed
917 1692 955 1751 de

64 1762 172 1823 ¹futuris
191 1806 200 1834 ,
219 1763 570 1841 fi·qui-tortehis1egibos
591 1780 686 1839 patere
707 1765 869 1835 voluerint,
888 1766 954 1839 haec*

69 1837 191 1901 'babetur
205 1844 306 1906 oratio.
345 1842 422 1905 Nam
438 1841 503 1905 ciro
519 1841 678 1907 omnivitio
691 1858 783 1905 carere
796 1841 955 1919 lexjubeat,

66 1950 70 1957 ·
913 1939 952 1983 ne

103 2148 142 2213 ξ’ς,
157 2146 285 2214 popularem
290 2149 364 2212 suoi]
385 2140 422 2198 n'a
433 2147 487 2200 iibri
493 2152 591 2203 omines.
618 2152 707 2203 Verum
720 2153 831 2217 explierri
840 2152 900 2205 mihi
911 2168 967 2205 nem

69 2202 119 2263 iim
129 2213 179 2262 ista.
212 2212 269 2272 Qub
287 2214 354 2263 enim
369 2212 458 2276 spectat
475 2212 535 2267 istud
553 2216 698 2278 popularem?
734 2217 839 2326 Suspicor
853 2218 913 2265 iilud
927 2236 952 2267 a

69 2274 119 2325 effe
137 2289 222 2325 notam
232 2276 346 2325 nominis
363 2277 470 2341 proprii,
487 2277 617 2342 locumque
636 2289 730 2335 totum,
740 2294 769 2328 va
780 2278 811 2328 de
827 2276 953 2331 obscurun'r

68 2339 145 2407 aliis,
154 2336 238 2390 iiceffe
248 2338 377 2402 legendum
390 2353 464 2403 atque
475 2339 668 2405 distinguendum
680 2357 687 2389 ε
709 2346 745 2389 Ex
755 2345 789 2390 his
805 2356 893 2399 auram,
910 2346 953 2407 qui

63 2394 950 2530 at¹stmtrrt;'ti:.:..ti.iu“aits‘tanrstaof‘tt

130 2498 138 2520 a
499 2501 506 2524 o
863 2505 869 2518 ·
939 2495 952 2509 '¹

65 2528 159 2582 tentia,
176 2527 276 2577 efficitur
286 2530 311 2577 id
322 2564 330 2586 ‚
344 2528 410 2594 quod
422 2528 515 2578 senatus
525 2529 585 2580 solet
595 2532 727 2586 nominari,
744 2546 773 2579 ex
784 2531 834 2588 his,
844 2533 885 2594 qui
897 2547 952 2581 ma-

67 2589 195 2653 gistratum
206 2604 338 2655 coeperunt.
365 2594 453 2658 Qtales
464 2593 525 2641 nulli
535 2592 589 2643 cium
606 2609 657 2642 non
671 2595 786 2657 coeperint
804 2594 891 2652 judicio
905 2611 953 2660 po·

65 2653 119 2714 puli
131 2688 140 2712 ,
167 2655 281 2717 populate
291 2656 338 2704 boc
348 2655 397 2713 est,
408 2654 475 2717 quod
486 2656 515 2704 ad
527 2656 607 2704 lotum
619 2656 737 2705 summum
749 2690 757 2712 ‚
791 2658 852 2706 uaiis
870 2657 903 2707 est
914 2658 952 2708 se·

67 2728 198 2774 natorum,
213 2720 436 2785 nemoperveniar,
451 2715 494 2767 nisi
505 2734 546 2782 per
557 2721 679 2784 populum.
713 2671 810 2782 Scoeffir.

102 2793 139 2839 54.
158 2773 266 2829 Praetura
276 2781 325 2830 veri
332 2816 340 2839 ,
352 2782 440 2842 frater,
457 2780 498 2841 ista
508 2785 542 2831 Iex
553 2784 601 2842 est,
618 2782 644 2835 dr
655 2781 700 2829 iat?
711 2788 789 2846 potet,
804 2796 830 2830 ur
844 2786 903 2831 virio
912 2800 951 2831 ca·

67 2854 116 2890 reat
127 2844 191 2900 ordo,
206 2845 234 2897 (φ
245 2846 350 2907 censorem
363 2852 440 2909 quaa]
465 2849 502 2894 lta
517 2847 653 2903 Turnebus,
669 2860 741 2907 quem
752 2844 856 2909 sequitur
865 2845 962 2896 nobie»
1005 2868 1015 2885 ·

65 2917 125 2954 tum
136 2906 193 2956 ald.
207 2911 270 2971 Nep.
282 2909 359 2958 Mich.
370 2912 461 2958 Brutus.
480 2906 567 2972 vulgb,
585 2910 626 2960 isia
635 2914 683 2966 lca,
694 2910 733 2970 sad
744 2911 769 2961 d
780 2913 865 2967 adera,
879 2924 905 2960 ut
919 2912 951 2974 ⁶¹,

65 2971 127 3018 virio
137 2978 207 3018 ratior
217 2974 266 3018 ordo
277 3006 285 3028 ,
301 2976 327 3026 (a
339 2987 363 3022 ut
374 2972 427 3032 cens.
460 2971 579 3021 Gebhard.

58 3036 61 3043 '
100 3048 138 3090 55.
157 3034 371 3099 cinnamomo]
398 3033 469 3084 istam
485 3036 565 3100 legem
577 3033 680 3086 ostendit
691 3034 751 3084 nihil
765 3048 834 3103 egere
843 3036 947 3097 Quintus

64 3092 267 3161 interpretatione
277 3098 421 3155 ciceronis,
436 3097 475 3147 sed
488 3099 599 3147 Censoris
615 3097 818 3149 animadveriione
833 3100 859 3148 δι
876 3112 948 3148 nota-

66 3156 149 3215 tione,
166 3172 192 3207 ut
208 3159 314 3223 probrosi
331 3162 415 3212 ordine
430 3175 592 3217 moveantur,
608 3162 701 3212 honesti
716 3161 866 3212 retineantur.
900 3160 947 3212 liin

65 3221 133 3270 enim
144 3221 178 3269 est
193 3220 304 3274 censoris
315 3226 500 3288 interpretatio,
515 3225 573 3287 quid
588 3223 616 3274 fit
629 3225 675 3275 eise
691 3223 798 3274 senatum
810 3222 888 3275 aliias
912 3227 948 3275 ei-

63 3284 124 3332 ineo
141 3286 150 3332 i
166 3288 301 3348 quotenim
314 3288 397 3339 ordine
407 3290 534 3338 removerit
546 3288 658 3347 Censor,
674 3287 794 3345 ostendet,
810 3288 863 3337 aliis
883 3288 947 3353 peei·

63 3360 124 3396 men
136 3362 187 3396 non
198 3348 283 3400 fuiffe:
299 3356 361 3416 quos
370 3353 490 3403 retinuerit
501 3353 526 3400 in
536 3350 629 3409 senatu,
646 3349 844 3408 ostendet‚fuiffe.
876 3353 947 3414 Qa-

62 3411 99 3459 rit
110 3411 185 3461 etlam
196 3413 245 3477 legi
257 3415 340 3478 potest.
374 3415 525 3471 Emendavi,
541 3419 576 3463 lm
589 3416 617 3476 est
628 3419 654 3470 o
665 3415 708 3463 lare*
722 3429 798 3482 patet,
813 3429 844 3465 ex
859 3414 946 3467 veteri·

60 3470 108 3529 but
119 3470 199 3547 iibtit,
214 3479 371 3539 tonitruis
382 3479 502 3539 codicibus
517 3481 622 3543 legatur,
631 3481 671 3544 sid
684 3481 710 3545 θ
721 3481 799 3552 adora,
824 3480 929 3531 Turneb.

447 3545 628 3618 iiiiiiiiit‘
702 3546 736 3555 ”
846 3549 954 3612 t‘tQi
