2296 3908
125 185 128 189 .
207 113 288 184 3052
351 59 355 70 Ι
389 97 457 162 ,ΒΕ
479 93 677 163 Narona
699 94 895 186 Dsoauu

203 213 301 282 tione,
321 210 423 280 Cotta,
443 209 493 268 srm
509 222 538 268 te
560 209 709 269 auditurus.
735 207 874 286 jucundus
896 205 973 265 enim
997 205 1083 266 Balbo·

204 289 298 348 nostro
311 289 402 348 sermo
416 302 478 346 ruus
493 299 588 346 contra
602 287 755 362 Epicurum
778 287 840 345 suit.
878 283 1011 359 praebebo
1032 285 1082 358 igi·

84 381 131 435 ego
145 381 186 418 me
204 377 249 424 tur
264 378 331 424 crne
344 367 391 424 tibi
407 365 523 423 vicissim
537 375 675 422 attentum
684 377 780 422 contra
790 363 898 421 Stoicos
912 360 1080 420 auditorem.

58 433 167 482 ¹²⁰¹MS·
207 440 286 517 spero
301 444 394 511 enim,
413 453 460 509 te,
479 454 509 497 ut
522 439 608 507 soles,
628 440 699 498 bene
714 452 839 516 paratum
854 438 959 495 venire.
996 504 1000 507 ¹

184 526 199 585 3
247 519 326 576 Tum
342 521 445 585 Cotta,
465 517 513 574 ²Si
531 517 707 579 mehercule.
728 518 835 592 inquit,
855 513 956 571 Vellei.
988 511 1079 589 neque'

58 582 191 635 ‘¹⁶⁶¹t2‘10
209 595 284 653 enim
301 597 369 658 mihi
384 612 431 671 par
445 591 536 651 dtario
552 611 617 651 curn
634 594 747 651 Lucilio
769 593 807 650 est
841 608 874 648 ac
902 603 998 648 tecum
1023 591 1080 649 suit.

58 647 136 725 Μ·
207 672 415 745 sparsissem,
434 671 523 746 nquit
542 669 613 728 rire?
634 671 710 745 Quia
732 670 801 728 mlii
817 666 925 726 viderur
947 667 1081 742 Epicurus

80 771 83 775 ·
175 748 294 805 ·veller
316 749 353 807 de
376 748 426 806 diis
446 747 647 805 immortalibus
668 764 728 805 non
749 761 921 820 magnopere
950 760 1081 818 pugnare.

204 823 405 884 tantummodo
419 840 518 898 negare
534 822 601 881 deos
615 818 668 880 elle
683 840 743 880 non
757 822 858 890 audet,
876 819 995 895 nequid
1011 821 1081 878 invi·

206 901 261 959 diae
274 900 381 970 subeat,
401 912 448 957 aut
462 900 591 958 criminin
631 898 704 956 Cirm
717 898 787 957 ¹verb
805 899 872 956 deos
892 896 960 954 nihil
981 913 1080 972 agere,

205 977 275 1036 nihil
289 995 383 1036 curare
397 973 560 1044 confirmat,
580 977 767 1052 membrisque
780 974 908 1032 humanis
931 969 986 1029 esse
1014 991 1082 1048 prae·

174 1076 177 1094 ι
208 1054 304 1123 ditos,
323 1054 368 1112 sed
389 1069 487 1110 eorum
511 1052 703 1110 membrorum
726 1052 806 1109 usum
827 1050 934 1109 nullutn
954 1049 1080 1108 habere-t

208 1129 304 1188 ludere
327 1129 436 1188 videtur
461 1128 576 1205 satisque
590 1142 703 1203 putare,
722 1127 742 1186 fi
757 1128 856 1187 dixerit
870 1123 923 1184 esse
937 1127 1079 1202 quandam

127 1216 130 1228 '
209 1205 317 1264 beatam
343 1219 468 1265 naturam
496 1208 684 1264 &aeternam

184 1296 205 1355 4
247 1283 374 1343 Abalbo
388 1295 481 1343 autem
502 1280 737 1350 animadvertisti,
758 1279 866 1349 credo,
886 1277 974 1355 quim
997 1280 1080 1338 multa

210 1357 283 1418 diua
296 1359 365 1430 sint,
385 1376 550 1437 quamque,
570 1360 655 1418 etiam
669 1357 794 1418 siminus
810 1375 894 1426 vera,
914 1368 1079 1446 tamenapra

945 1454 949 1460 “
1013 1446 1079 1494 intel

241 1682 264 1717 2.
280 1667 310 1714 Si
317 1667 449 1725 mehercule,
465 1667 550 1732 inquil,
568 1667 653 1725 Vellet]
668 1668 715 1716 Aut
726 1666 752 1716 in
763 1665 799 1717 liis
812 1666 888 1716 verbis
904 1666 1022 1717 mendum
1037 1666 1079 1723 esst

211 1744 253 1778 aut
278 1730 401 1794 quidpiam
418 1729 568 1781 derideretur.
595 1729 662 1791 quod
679 1731 696 1777 si
712 1733 746 1779 ita
767 1732 888 1795 corrigas,
914 1734 969 1793 sene
986 1734 1081 1789 hmeule,

211 1796 298 1853 inquit,
316 1795 394 1851 Vellei,
410 1795 527 1850 nouerit,
544 1808 593 1856 quo
604 1793 679 1841 testor
689 1790 837 1849 offendatur,
850 1793 999 1844 subaudietur
1009 1796 1078 1852 enim,

211 1868 306 1918 paratus
320 1857 411 1913 venioa
438 1857 463 1904 δι
478 1859 569 1919 optime
584 1869 639 1904 eum
653 1854 802 1918 sequentibus
817 1855 932 1906 sententia
947 1859 1080 1907 conveniet.

211 1923 239 1967 1³.
252 1923 337 1968 Manus.
368 1923 424 1967 llree
438 1916 485 1967 else
498 1931 606 1983 corrupta
620 1918 701 1968 vident
712 1934 804 1968 omnes.
824 1924 847 1969 Ρ.
859 1925 954 1970 Manus.
972 1921 1080 1980 coniecit,¹

213 1983 372 2038 siscliensis,
395 1985 480 2046 inquit,
499 1985 579 2030 Vellei:
597 1987 628 2032 D.
639 1995 719 2030 autem
731 1982 861 2031 Lambinus
871 1983 945 2033 edidit
966 2001 973 2033 ί
1006 1984 1081 2044 Sieejl

213 2048 335 2094 mehercule.
352 2044 391 2094 led
406 2045 465 2093 nulli
476 2043 544 2094 codd.
561 2043 680 2102 addicunt.
697 2050 757 2109 Reg.
773 2046 885 2104 exhibet,
901 2065 943 2093 non
957 2050 1083 2105 mehercule,

214 2109 282 2170 quod
296 2107 389 2172 probo:
406 2109 438 2158 rei
453 2109 520 2157 enim
533 2107 659 2157 difficultas
672 2107 747 2165 fecit,
763 2123 788 2157 ut
806 2114 881 2159 Cotta
893 2109 955 2159 bene
977 2124 1082 2174 paratus,

154 2228 157 2235 ,
211 2171 252 2220 seu
268 2171 367 2221 fortibus
384 2172 414 2220 ad
428 2169 527 2220 Balbum
545 2171 718 2221 confiteandum
732 2173 876 2237 argumentis
892 2174 1016 2229 instructus
1031 2188 1082 2221 non

73 2229 77 2241 ’
213 2234 305 2283 venerit
315 2253 323 2290 ς
338 2235 426 2283 idcirco
435 2234 459 2285 se
469 2250 519 2283 non
529 2247 580 2284 tam
590 2234 685 2293 refellere
695 2237 743 2296 ejus
753 2240 868 2284 orationem
877 2239 1000 2300 cogitare,
1015 2236 1083 2298 quim

214 2313 263 2348 ea,
293 2315 339 2361 que
357 2302 429 2345 »ninus
449 2300 572 2354 intellexit,
600 2302 707 2362 requirere
731 2298 834 2348 testatur.
871 2303 954 2361 Davifi
991 2304 1083 2348 Omnes

215 2360 301 2408 critici
311 2360 408 2424 aliquod
419 2361 503 2408 vitium
517 2361 591 2410 latete
605 2361 717 2425 suspicari.
726 2363 785 2411 lunt.
819 2363 942 2411 Manutius
962 2363 1081 2419 correxit,

208 2422 264 2480 sane
273 2425 362 2485 hercule.
379 2423 521 2476 Lambinus,
533 2423 600 2484 steest
614 2426 736 2477 mehercule,
756 2423 882 2482 Davisius,
897 2443 937 2473 nen
955 2427 1082 2480 mehercule,

215 2483 265 2533 side
281 2484 348 2533 unius
364 2491 415 2536 MS.
434 2486 535 2535 Manutii
551 2489 576 2535 &
593 2488 705 2536 Lambini
719 2487 932 2545 conicituremilti
948 2489 1081 2538 viderentur

214 2546 377 2612 praeponendae
387 2547 647 2660 coqieliutapDavifii,
668 2549 712 2599 nist
729 2549 861 2613 reperissem
877 2552 978 2601 modum
995 2552 1082 2615 melio-

211 2624 264 2686 rem
271 2609 304 2686 ad
314 2608 423 2686 restituen
440 2627 480 2662 um
490 2612 552 2661 hunc
564 2611 653 2663 locum.
685 2613 882 2688 Legendumlesn
894 2617 936 2673 fim
950 2618 1083 2671 mehercule,

210 2674 947 2802 llllxllnlsl'llllll‘lll‘llllll‘lillu
962 2682 1083 2797 ..lilii

211 2801 323 2849 consulto
337 2804 486 2852 extenuantis
502 2802 561 2850 vites
582 2801 633 2850 luas
658 2818 723 2866 aeque
751 2818 779 2851 ac
794 2804 866 2868 genio
883 2803 970 2867 linguae
984 2805 1083 2853 Latine.

213 2865 338 2980 Sr'm’qqim
350 2868 446 2928 ponitur
457 2863 575 2916 interdum
588 2880 632 2928 pro
643 2870 729 2915 urinam
737 2864 788 2926 stes.
805 2868 936 2929 Propertius
947 2866 989 2918 lib.
997 2881 1035 2916 tv.
1045 2866 1083 2917 El.
1093 2926 1111 2935 Η

215 2939 254 2977 at.
298 2942 371 2980 ,ron

350 3016 471 3034 ·-—-
496 3011 526 3040 tm
540 2994 605 3055 digna
620 2994 716 3040 merendo
748 3027 751 3030 >

352 3060 416 3118 Cujus
429 3059 536 3103 honoraris
551 3059 593 3114 effe
607 3060 712 3104 vehantur
727 3059 794 3121 equis.

214 3116 323 3166 Tibullus
333 3122 418 3182 Plneg.
431 3117 524 3170 Messal.
539 3117 574 3176 is.
581 3138 602 3177 ⁴·
621 3122 688 3167 Tenes·
697 3122 738 3179 >fian
749 3121 843 3169 conditer
856 3123 900 3169 elli
906 3139 915 3179 3
933 3120 967 3171 ita
978 3119 1084 3171 enimes

189 3211 194 3222 ·
209 3179 357 3243 legendum,
371 3196 397 3229 ut
407 3181 487 3231 forsan
497 3182 627 3246 aliquando
637 3182 811 3233 monstrabitur.
824 3185 889 3242 &pls
899 3201 937 3242 ³7·
954 3187 1006 3232 Sim
1017 3187 1088 3232 villos

210 3245 238 3288 'in
251 3245 307 3293 illis.
321 3245 344 3293 si
355 3243 442 3307 ellipsis
453 3244 496 3294 ista
505 3260 553 3295 erat
568 3260 635 3311 grata
649 3246 746 3310 postis,
762 3246 813 3294 sine
828 3247 900 3297 dubio
916 3247 993 3298 adhuc
1009 3249 1087 3311 magis

212 3303 320 3371 placebat
330 3308 355 3355 in
366 3307 474 3357 sermone
484 3308 596 3360 familiari
608 3328 616 3368 3
634 3324 711 3372 neque
721 3324 780 3372 opus
793 3309 845 3367 est,
860 3311 989 3361 uraddanr
1001 3347 1010 3369 ,
1025 3325 1088 3375 quo·

212 3367 290 3442 modo
300 3369 371 3442 lite-sa¹
378 3371 462 3421 ultima
474 3372 539 3422 uocis
544 3374 588 3436 hm
602 3372 706 3440 potuerit
716 3371 833 3426 absorberi
843 3375 856 3431 l
868 3374 939 3427 litera
953 3375 1034 3440 prima
1043 3387 1088 3424 tu·

213 3441 248 3484 sis
258 3432 384 3497 sequentis,
415 3437 516 3498 usulis,

267 3523 271 3535 i
998 3518 1024 3564 ς.
1038 3502 1086 3555 “a
