2296 3908
251 26 444 146 lernau
485 76 736 154 Fatuus.
784 40 934 174 x{⁰3r33

45 202 113 271 quae
128 188 280 251 Corinthiis
295 188 490 266 responderit,
508 191 570 264 quis
591 190 729 266 ignorat?
750 192 861 270 collegit
880 199 930 257 in-

45 266 229 330 numerabilia
241 267 354 325 oracula
367 265 536 343 Chrysippus
550 309 560 338 ,
588 284 641 326 nec
662 268 751 327 ullum
773 269 830 329 stne
843 272 927 333 locus

64 346 121 406 lete
137 343 252 405 auetore
278 355 363 419 atque
384 344 460 404 teste.
479 360 545 420 quae
560 345 625 419 quia
640 356 706 402 nota
715 345 764 403 tibi
778 345 840 405 sunt
855 390 864 415 ,
883 367 929 409 re-

85 440 155 501 quo.
194 419 330 479 Defendo
347 438 434 478 uuum
450 422 516 480 boe.
557 421 722 497 Numquam
745 421 812 481 illud
827 441 929 485 oracu-

45 498 106 561 lum
121 498 239 573 Delphis
252 508 310 556 tam
331 498 439 556 celeb're
467 501 496 556 ὃ(
510 510 567 557 tarn
584 497 688 556 clatum
702 495 812 566 iuiilet,
832 517 925 577 neque

45 577 128 637 tantis
153 575 234 634 donis
256 575 388 633 refertum
409 576 540 634 omnium
562 573 732 649 populorum
766 587 851 652 atque
879 595 925 636 re·
963 576 991 631 1·
1007 577 1041 638 li
1078 600 1081 605 ·

45 670 140 788 giffm,
167 651 218 712 nist
238 652 331 711 omnis
354 662 420 712 aetas
445 651 625 711 oraculorum
643 651 756 711 illorum
777 654 926 716 ueritatem
992 682 995 689 ·

49 747 69 791 θ
91 743 168 789 etex
189 741 255 789 crta.

83 748 199 882 Jamdrpu
212 806 288 877 idem
302 822 362 864 non
376 805 451 864 facit.
490 806 532 864 Ut
545 805 627 880 igitur
642 821 717 863 nunc
733 804 844 866 minore
863 806 926 883 glo·
934 814 974 891 38

46 884 88 943 ria
103 882 159 954 est,
178 883 243 960 quia
258 879 348 941 minus
362 882 541 941 oraculorum
550 883 649 941 veritas
660 881 786 941 excellit:
807 882 927 956 fictum,

46 959 100 1021 nifi
112 958 222 1020 summa
237 960 368 1027 ueritate,
391 958 510 1018 intanta
524 959 610 1035 gloria
624 975 683 1037 non
699 955 798 1018 fuiffet.
835 962 928 1021 Potest

47 1037 199 1113 autemffvis
213 1035 257 1095 illa
271 1049 370 1105 terrae,
389 1053 454 1111 quae
468 1048 596 1094 mentem
611 1035 720 1111 Pythiae
736 1034 834 1095 divino
849 1038 926 1098 aliia·
1025 1098 1029 1105 ,
1051 1048 1054 1059 ·

46 1126 81 1174 tu
94 1112 276 1181 conturbat,
297 1109 436 1170 evanuisse
459 1112 616 1181 vetustate,
636 1122 667 1171 ut
688 1112 825 1187 quosdam
843 1103 943 1174 terra·t
956 1095 1051 1208 σεξ

46 1187 130 1250 tuille
141 1207 255 1260 amnes,
275 1200 323 1248 aut
337 1191 365 1248 in
379 1189 464 1248 alium
479 1189 587 1248 cursum
603 1199 748 1247 contortos
782 1191 812 1249 &
839 1171 961 1272 defle-2}

48 1284 102 1327 xos
118 1267 252 1325 videmus.
293 1276 321 1321 5⁷
332 1264 385 1324 Sed
401 1309 410 1334 ‚
429 1267 515 1326 utris
531 1306 539 1335 ,
559 1263 712 1323 acciderit:
733 1283 833 1341 magna
848 1269 925 1330 enim

46 1343 167 1422 quaestio
181 1343 231 1404 est:
255 1341 345 1402 modd
361 1352 473 1401 maneat
486 1342 532 1410 id,
552 1340 630 1416 quod
643 1342 737 1415 negari
752 1344 814 1401 non‘
826 1344 927 1418 potest,
972 1406 975 1411 Α

46 1419 99 1481 oifi
114 1437 233 1478 omnem
247 1419 387 1479 historiam
401 1419 613 1496 pervenerimus
628 1459 639 1487 ,
657 1417 749 1476 multis
764 1417 925 1481 saeculiste-

47 1514 98 1557 tax
112 1493 192 1555 fuiffe
205 1496 234 1556 id
247 1497 400 1556 oraculum,

90 1572 156 1631 XX.
176 1571 247 1632 Suo
268 1575 430 1632 omittamus
445 1570 575 1638 oraculas
596 1569 739 1629 veniamus
755 1571 790 1630 ad
809 1570 925 1636 somnia.
933 1572 975 1643 39]

48 1648 88 1709 de
108 1648 215 1726 quibus
235 1649 369 1726 disputans
404 1647 602 1725 Chrysippus,
640 1648 731 1707 multis
764 1650 794 1708 δε
815 1651 931 1715 minutis

50 1725 167 1786 somniis
181 1725 341 1802 colligendis
354 1727 421 1785 'facit
435 1726 529 1794 idem,
549 1721 628 1800 quod
641 1725 804 1799 Antipater,
816 1744 929 1788 eacon·

71 1803 180 1873 uirens,
199 1819 264 1881 quae
280 1804 459 1879 Antiphontis
474 1800 699 1876 interpretatione
713 1803 864 1876 explicata,
877 1803 930 1863 de·

48 1820 155 1940 daran
175 1880 219 1940 illa
237 1881 352 1959 quidem
375 1896 496 1939 acumen
522 1877 700 1953 interpretis,
726 1877 772 1938 sed
793 1882 928 1958 exemplis
978 1894 980 1899 '

49 1957 238 2033 grandioribus
252 1958 346 2017 decuit
359 1959 407 2016 uti.
427 1953 556 2031 Dionyfii
570 1967 676 2025 mater,
696 1955 771 2030 ejus,
791 1959 839 2031 qui
854 1957 950 2034 'Sy-v
964 1959 1064 2022 sym-1

49 2034 221 2095 raculiorum
242 2046 374 2110 tyrannus
395 2033 471 2103 fuit,
491 2045 522 2090 ut
542 2031 672 2106 scriptum
693 2032 766 2107 apud
784 2017 1045 2097 Pullumsm·

50 2110 106 2181 est,
127 2112 158 2170 δι
172 2110 289 2171 dotium
305 2110 471 2178 hominem,
492 2108 696 2184 &diligentem
712 2150 721 2177 ‚
742 2110 773 2167 ὅ(
787 2111 925 2187 aequalem
932 2086 986 2138 MS·

49 2197 213 2262 tempotum
229 2187 356 2255 illorum,
376 2185 442 2245 cim
464 2197 630 2260 ¹praegnans
649 2185 726 2250 huuc
744 2183 833 2261 ipsum
853 2187 951 2248 Dio-¹
970 2190 1079 2244 ΜΠ.

49 2262 162 2340 atpiium
177 2264 246 2322 alvo'
258 2265 433 2332 contineret,
453 2261 601 2321 somniavit
614 2260 641 2320 se
657 2259 788 2337 peperiffe
812 2243 990 2339 Satyris-W·

48 2355 128 2401 cum.
154 2338 269 2400 stirme
282 2340 443 2418 interpretes
455 2350 669 2415 portentorum,
689 2337 737 2416 qui
753 2349 781 2394 59
789 2339 929 2404 Galeotae

823 2454 826 2460 ·
866 2429 931 2482 tum

46 2626 84 2665 ιο
92 2612 236 2682 legendum:
252 2613 316 2672 fite,
326 2628 352 2665 ur
363 2615 436 2667 edidit
446 2616 595 2673 Lambinus,
610 2613 713 2677 Tegeatis.
729 2613 927 2665 confirmarem

46 2678 180 2730 lestiouem
192 2678 312 2729 Pausanias
323 2680 347 2729 in
358 2681 491 2731 Laconicis.
507 2681 581 2740 vrfia.
615 2679 670 2739 Qua
684 2681 799 2740 regentia]
816 2677 856 2726 Est
867 2684 932 2727 Tur·

46 2740 106 2791 o‘ebt
123 2744 277 2804 comitatum,
297 2757 371 2806 quam
387 2742 430 2792 fibi
445 2742 527 2806 putide
550 2755 659 2804 arrogare
685 2740 768 2788 nititur
787 2739 929 2791 Lambinus.

46 2805 167 2915 uirgatae,
179 2811 293 2873 Taygeta,
311 2807 341 2855 ad
355 2821 428 2870 quam
439 2809 515 2871 magis
526 2805 642 2856 inclinant
656 2801 708 2853 mii.
725 2801 798 2865 quim
817 2802 848 2851 ad
862 2803 931 2866 prin·¹

47 2880 113 2919 tem.
168 2883 233 2920 ruter-

52 2994 77 3042 υ
88 2945 127 3041 5⁶7·
144 2934 187 2997 Sui
196 2948 221 2983 att
229 2937 268 2982 vis
277 2933 399 2993 acciderit]
415 2937 444 2982 ln
454 2929 614 2994 manuscripto
624 2928 658 2980 est
664 2962 673 2987 ,
689 2940 714 2976 ut
729 2939 754 2976 ut
768 2928 806 2974 teis
819 2927 933 2980 auderti.

78 3008 90 3042 t
110 3007 135 3042 n.

83 3064 123 3114 5⁸·
140 3058 327 3120 Hetetueepeeree
336 3069 493 3121 pertentatum,
508 3063 550 3122 qui
563 3058 676 3113 Galeam]
691 3051 779 3111 Eliens.
790 3052 932 3102 exhiberin-
1023 3070 1027 3083 ¹

49 3129 152 3185 meprerer
166 3121 302 3176 [amatorum.
335 3119 412 3185 ipsam
424 3136 480 3170 vero
492 3136 542 3170 tem
552 3120 628 3168 modo
645 3114 757 3168 nonnihil
774 3115 865 3167 diuerso
879 3130 930 3166 tra·

50 3180 206 3232 ditvalerius
218 3188 337 3235 Maximus
347 3184 389 3233 lib.
398 3199 416 3234 r.
435 3199 485 3247 cap.
499 3199 551 3233 vrr.
561 3200 587 3241 7.
605 3195 697 3232 extem.
725 3185 798 3229 Mater
810 3215 818 3237 ,
832 3180 930 3242 inquit,

50 3247 171 3306 Dimstr',
187 3263 236 3295 cam
245 3266 293 3296 eum
303 3262 419 3312 conceptum
431 3261 489 3294 urere
499 3249 597 3303 baberet,
610 3259 683 3308 perere
693 3246 743 3307 visa
755 3242 933 3305 &Satyriscum
951 3289 956 3295 ,

45 3309 183 3373 msulaeque
196 3312 344 3374 prodigiorum,
355 3316 466 3374 interprete
482 3343 490 3366 ,
506 3308 644 3371 elariffienum
653 3325 678 3357 ac
691 3307 855 3370 perentr'ffimrrm
866 3306 936 3366 Grejr'

49 3373 164 3437 saguinis
171 3373 277 3435 futurum
288 3409 295 3430 ,
309 3392 363 3424 cerro
376 3391 424 3422 cum
434 3386 511 3422 eventu
521 3377 625 3434 cognovit.
659 3370 738 3420 Nobis
748 3385 826 3419 autem
836 3370 862 3420 hi
878 3383 935 3432 pot·

49 3447 174 3491 murorum
189 3438 330 3517 ipterpretea
341 3470 351 3499 ‚
364 3435 417 3492 suot
428 3440 547 3498 Galeotae,
562 3448 632 3503 prout
647 3437 710 3490 atim
725 3433 790 3486 dedit
807 3433 935 3546 νὶᾶοκὲιέεᾶ
