2296 3908
166 122 250 193 3074
343 40 413 165 lin
439 95 640 165 Narona
667 89 862 162 Danaum

169 215 201 277 in
213 214 258 275 illa
272 208 381 271 aureola
402 205 583 269 oratiuncula
593 205 660 265 dicit
681 203 784 263 Laelius
799 201 914 281 ,quim
928 207 1046 268 rationi·

167 289 402 352 busStoicorum.
441 285 468 342 Si
483 285 559 344 enim
574 299 625 341 vos
637 280 731 356 sequar
746 279 842 350 ‚·dic‚
862 279 930 356 quid
951 285 977 342 ei
998 302 1044 342 re·

167 365 339 444 spondeam,
359 362 407 438 qui
428 360 531 419 mesic
553 370 633 434 roget
656 377 663 415 ι
691 356 720 410 4⁶
729 356 756 414 Si
778 355 816 414 dii
836 355 921 427 sunt,
940 357 1041 421 suntne
1063 404 1067 419 ,

168 446 253 504 etiarn
269 441 414 517 Nymphae
429 435 511 497 deae?
531 435 597 493 rasi
617 433 785 509 Nymphae,
828 432 933 492 Panisci
954 437 1042 497 etiam

167 521 197 580 &
213 517 323 595 Satyri?
342 515 385 574 Hi
398 525 491 573 autem
512 528 572 571 non
593 509 676 570 sunt:
697 527 733 567 ne
755 509 901 584 Nymphae
921 511 1039 586 quidem

165 596 229 656 dcae
241 597 333 672 igitur.
371 591 411 649 At
426 606 519 650 earum
533 587 637 663 templa
651 585 712 645 sunt
725 583 834 660 publice
861 597 926 644 vota
947 588 978 646 &
991 587 1043 649 de-

166 673 265 734 dicata.
303 667 332 724 48
341 666 421 744 Quid
439 661 550 742 igitur?
576 661 725 731 neceteri
751 660 865 737 quidem
894 679 962 739 ergo
985 664 1041 735 dii,

167 765 290 826 quorum
303 743 406 820 templa
419 740 480 801 sunt
493 739 633 800 dedicata-
665 737 728 813 Age
742 736 827 812 porro
843 781 851 807 ,
870 736 976 810 Jovem
1010 743 1042 802 δι

167 826 333 901 Neptunum
380 816 465 879 deum
505 833 640 876 numeras.
678 824 782 946 woffo
809 816 895 873 etiam
924 816 1042 889 Orcus,

167 901 251 961 frater
264 914 381 966 eorum,
401 895 485 964 deus,
506 895 572 952 50&
586 892 648 961 illi,
667 907 716 968 qur
758 907 822 949 uere
842 890 915 966 apud
936 893 1042 955 inferos

113 988 115 992 ’
168 973 475 1046 dicuntur‚Acheron‚
496 970 656 1044 neocyrus
673 1010 681 1037 ‚
700 965 960 1044 Pyriphlegethon:
980 982 1042 1030 tum

172 1053 303 1123 Charon,
322 1062 383 1109 tum
400 1048 552 1117 Cerberus,
571 1041 746 1121 disputandi.
909 1109 915 1115 ⁹
1003 1123 1030 1183 Α

169 1303 245 1369 quim
264 1301 377 1360 delicatas
398 1303 500 1355 aliorum
515 1313 607 1367 pateras
626 1299 788 1352 arbitramur!
815 1299 904 1354 videtin
926 1306 1041 1360 Lazarus,

171 1382 232 1431 quur
242 1382 271 1418 ea
289 1370 385 1418 luxurie
400 1367 554 1417 instrumenta
570 1362 703 1431 sumptuosa
718 1364 807 1417 fecerit.
840 1363 974 1415 Morilotus
985 1366 1044 1425 ripu-

173 1434 257 1495 χωρίοις
270 1433 404 1487 transtulit,
421 1430 518 1480 sedhoe
527 1429 627 1478 nomine
638 1427 750 1492 poculum
764 1444 807 1478 nec
818 1427 880 1502 apud
893 1428 1044 1485 Athenaurn,

174 1508 221 1543 nec
231 1494 351 1544 Pollucem
362 1494 465 1543 invenio.
500 1491 592 1543 Deinde
602 1492 758 1541 Grammatici
774 1506 851 1603 maffrs
867 1505 965 1555 propter
977 1488 1045 1540 ansu-

176 1556 227 1614 las,
242 1557 316 1620 quim
328 1570 423 1621 propter
431 1557 585 1619 capacitatem
595 1551 627 1602 fic
643 1550 768 1617 appellasse
784 1556 806 1602 vi
823 1567 899 1603 entur.
932 1556 1047 1612 inanire·

177 1621 221 1682 χόι
232 1633 262 1669 ez
272 1618 342 1668 deseri
360 1623 426 1669 tione
437 1619 544 1668 Athenaei
558 1620 584 1666 dt
600 1616 701 1665 Pollucis
715 1615 806 1666 videtur
820 1616 929 1682 capedini
944 1614 1046 1666 Latino-

177 1696 231 1731 rum
243 1697 293 1731 non
305 1681 329 1730 di
349 1683 422 1731 rmilie
431 1679 485 1732 erse.
518 1682 632 1729 Beruleius.

207 1752 246 1803 4⁶.
263 1748 291 1793 Si
301 1747 336 1792 dii
342 1746 409 1807 sunt,
422 1745 574 1804 [amnestiam
585 1744 683 1806 Nympha
693 1742 733 1789 dee
745 1749 756 1789 P
768 1742 896 1804 fiNymphe
909 1776 916 1798 ‚
934 1743 1047 1803 Penistirre

178 1806 204 1859 de
218 1810 311 1866 Satyri?
326 1812 363 1856 lta
373 1807 458 1871 legitur
474 1806 512 1855 hic
528 1807 593 1854 locus
608 1806 634 1853 in
648 1802 821 1869 manuscripto,
836 1806 877 1861 &,
894 1819 918 1853 ιιι
936 1803 1046 1863 videtur,

177 1867 515 1932 meliusquaminimpressrs.
547 1867 622 1926 vrfin.
879 1868 884 1887 ¹
907 1914 912 1929 ,ἱ

205 1947 244 1990 47.
262 1934 290 1979 Si
301 1934 409 1995 Nympha,
429 1933 515 1992 Panrfir'
524 1935 590 1978 etiam
602 1932 627 1982 dn
639 1931 713 1990 Satyri
722 1937 746 1989 ἓ]
784 1944 839 1979 uate
849 1928 885 1978 his
897 1929 998 1981 vocibus
1008 1930 1046 1980 iu·

107 2036 113 2047 .
174 1986 312 2057 retrogandi
321 2006 380 2043 nora
394 1995 533 2058 apponitur?
549 1992 724 2055 Consequentia
734 1993 767 2044 est
793 1991 1046 2057 cannamomum

175 2069 226 2104 erat
237 2056 383 2113 concellum,
397 2057 524 2121 Nymphas
538 2054 584 2104 elle
594 2056 660 2105 deos.
694 2061 747 2105 lloc
758 2055 776 2105 sr
788 2071 869 2105 verum
884 2057 937 2114 est,
952 2057 1047 2121 inquit,

162 2117 265 2181 rPanisci
275 2122 301 2170 dc
311 2121 386 2184 satyri
397 2118 446 2169 sunt
463 2119 535 2168 etiam
550 2119 590 2167 dii
622 2119 710 2170 veriam
724 2119 761 2168 illi
778 2134 827 2168 non
846 2116 897 2167 sunt
916 2119 971 2178 dii;
988 2133 1047 2185 ergo

176 2195 221 2230 nec
232 2183 349 2247 Nympha
359 2181 411 2232 sunt
422 2181 478 2233 dea.
510 2180 569 2229 vide
580 2184 705 2244 quomodo
715 2181 764 2230 hec
775 2180 905 2231 carneadis
917 2197 1048 2247 argumen-

175 2254 201 2292 ιι
211 2258 277 2353 ιὲιιιι
288 2242 408 2310 propofita
418 2246 444 2295 in
456 2251 528 2295 Sexto
543 2246 671 2310 Empyrico
682 2243 736 2295 adv.
752 2244 947 2297 Mathematicus.
959 2259 984 2310 p.
992 2259 1048 2302 33⁹·

175 2311 421 2434 Βοῖῦᾌιῐδιζίιιινῖ
435 2388 460 2418 ne
470 2362 534 2417 ceteri
547 2370 634 2433 quidem
651 2385 697 2429 erge
715 2373 779 2428 vii]
808 2375 846 2420 lta
861 2370 948 2434 placuit
965 2368 1049 2420 distin·
1066 2390 1071 2397 ·

178 2445 250 2496 gnere
264 2447 319 2481 cum
334 2434 392 2484 Pali.
413 2447 471 2482 nam
485 2432 601 2483 victorius
616 2432 639 2480 le
657 2434 674 2480 'r
690 2447 744 2480 curn
760 2446 819 2481 nora
833 2433 922 2483 interro
954 2434 1047 2483 tionis:

171 2495 309 2545 Lambinus
320 2495 376 2546 teri>
386 2495 500 2559 punitum
510 2493 586 2559 posuit
597 2509 628 2557 po
658 2509 743 2543 vocem
752 2498 847 2560 quidem.
869 2498 919 2545 mal
961 2497 1014 2547 imo
1028 2493 1047 2544 fi

177 2553 300 2618 sequendae
311 2558 454 2608 membrana
465 2557 547 2607 nostrae
559 2595 566 2613 ,
583 2557 752 2615 eradicabimus
766 2558 824 2608 illud
834 2561 901 2624 Qid
911 2562 993 2621 igitur,
1008 2573 1049 2609 eu·

178 2619 213 2680 jus
223 2620 315 2669 nullum
328 2618 451 2685 vestigium
460 2621 486 2670 ln
496 2620 574 2685 primo
586 2633 624 2669 aut
637 2619 679 2671 sec.
689 2618 761 2671 habet
776 2619 874 2685 quidem
886 2619 966 2672 solum
981 2626 1047 2688 ιζὲιιιι

179 2682 272 2740 tertium
292 2681 331 2732 sed
341 2685 361 2733 is
372 2681 451 2733 omisit
465 2699 523 2733 mox
533 2699 588 2747 erga.
605 2688 697 2734 Gruter.

210 2761 248 2804 49.
265 2751 321 2811 Ergo
332 2749 398 2795 etiam
408 2754 487 2803 Orcus,
497 2747 650 2808 fratereorum
660 2753 738 2802 Deus,
753 2748 779 2799 dn·
790 2748 828 2794 illi
839 2749 896 2806 dra]
910 2754 971 2797 Deus
981 2745 1048 2799 vide·

179 2819 217 2857 rur
227 2808 269 2857 hic
280 2810 504 2865 nonnecellarium,
519 2807 693 2860 &econtrario
703 2808 793 2858 videtur
803 2810 893 2874 aliquid
903 2808 982 2859 deell'e
992 2824 1049 2859 ante

181 2873 208 2923 (a
219 2873 276 2937 illia
292 2887 349 2946 nam
366 2874 453 2937 Jonem
465 2874 489 2921 δι
507 2875 647 2936 Neptunum
661 2872 678 2922 li
694 2872 759 2922 dicas
774 2871 831 2920 deos
848 2871 913 2942 effe,
930 2871 1050 2948 ludim

179 2932 1050 3062 arlihsl‘hnlnli‘lgtntsfmassilianensis:

178 3074 223 3131 erga
236 3063 302 3106 eriam
312 3066 377 3108 orcus
385 3060 458 3122 frater
467 3077 550 3109 eorum..
580 3064 603 3110 si
619 3067 711 3135 Orcus,
727 3063 751 3110 δι
770 3062 825 3117 illi,
842 3063 882 3125 qui
898 3061 973 3136 fluere
988 3060 1050 3126 apud

182 3118 405 3234 ripserozgtilchuiffiur,
418 3137 457 3182 ur,
473 3136 527 3172 cum
538 3120 604 3184 supra
617 3125 691 3174 diunt:
708 3126 736 3172 Si
748 3128 863 3186 Nympha,
880 3127 969 3186 Panisci
984 3129 1051 3173 etim

217 3260 255 3301 ςο.
272 3249 349 3294 Erilli
361 3250 401 3310 qui
410 3242 478 3308 flam
486 3249 542 3312 apud
553 3249 631 3309 inferos
641 3249 760 3305 dicuntum]
776 3249 869 3298 Brevitas
880 3253 903 3299 P.
916 3251 943 3301 δι
955 3249 1005 3299 Pal.
1018 3264 1051 3313 pr.

184 3314 225 3418 gu·
234 3308 309 3367 fluunt
319 3312 376 3374 apud
392 3311 478 3371 inferos.
510 3310 578 3361 resiat
594 3324 675 3360 tamen
691 3311 792 3360 alterurn
807 3312 833 3360 in
852 3313 936 3362 ceteris
957 3313 1053 3365 nostrin.

209 3382 274 3421 mer·

181 3490 185 3500 Ι
214 3448 252 3493 51·
270 3440 373 3499 (trytm,
387 3439 582 3504 Pyriphlegethon]
611 3439 705 3491 διαιιιιι
721 3433 772 3491 sura
788 3408 847 3494 dall.
862 3447 911 3519 frea
925 3437 952 3491 δι
964 3440 1052 3555 lm?
