2296 3908
120 90 126 99 .
196 132 389 200 bruun
429 127 773 198 Secuunos.
815 124 945 212 lliqtqt

70 239 75 255 ¹
98 230 230 301 Medicus
249 238 381 300 morbum
402 238 638 317 ingravescentem
659 238 768 299 ratione
788 233 981 314 providet,16¹

56 314 332 394 insidietimperator
352 362 361 389 ,
380 315 556 391 tempestates
576 314 753 391 gubernator.
792 317 822 374 &
843 329 941 376 tamen

58 393 91 454 hi
105 390 154 471 ipsi
167 391 241 470 saepe
256 394 402 463 falluntur,
423 394 473 470 qui
495 392 563 452 nihil
585 391 643 451 srne
668 406 741 451 certa
759 393 866 451 ratione
880 394 945 468 opi·

57 473 170 531 nentur.
208 485 239 529 ut
259 472 377 547 agricola
399 469 464 530 cum
483 468 582 528 florem
611 467 683 527 oleae
704 469 805 538 uidet,
824 469 941 531 baccam

58 562 177 683 quoque
190 545 217 605 se
231 547 353 608 visurum
368 558 445 624 putat
453 558 464 606 :¹
485 565 544 605 non
558 545 616 605 srne
631 546 738 605 ratione
755 546 799 604 ille
812 545 942 631 quidenq

70 622 108 683 ed
122 640 337 701 nonnumquam
352 638 448 684 tamen
463 623 572 683 fallitur.
612 620 701 695 Quod
721 622 742 681 sr
760 621 889 682 falluntur
903 624 941 695 ii,

54 700 111 778 'qui
124 700 193 761 nihil
205 700 262 760 fine
276 700 366 779 aliqua
388 700 520 778 probabili
544 699 705 775 conjectura
728 717 761 756 ac
777 702 884 759 ratione
898 699 942 760 di-
983 768 986 772 ,
1009 734 1011 739 ,

61 789 147 836 cunt:
167 777 235 855 quid
252 778 464 839 existimandum
480 776 517 835 est
536 776 573 836 de
586 775 746 850 conjeetura
764 780 941 853 eorum‚qui

62 854 150 921 extis,
170 866 218 914 aut
234 855 345 925 avibus,
365 868 413 914 aut
430 853 560 923 ostentis,
580 865 627 910 aut
642 852 774 922 oraculis,
795 864 842 911 aut
865 855 942 912 som·

63 928 119 990 niis
134 929 225 989 sutura
260 929 441 993 raesentiunt?
461 930 600 993 Nondum
615 930 697 998 dico,
717 928 803 1004 quam
825 930 888 989 haec
907 929 943 990 fi-

63 1022 121 1083 gna
139 1007 213 1067 nulla
233 950 308 1081 int,
329 1008 419 1069 fiffum
437 1009 565 1086 jecoris,
585 1007 663 1065 corvi
684 1020 804 1076 cantus,
831 1007 940 1066 uolatus

62 1081 184 1171 aquilae,
202 1082 285 1145 si'ellae
300 1087 444 1223 trqq'ediio,
465 1101 551 1144 voces
564 1084 734 1152 furentium,
752 1082 941 1153 sortes,som·

62 1175 135 1294 marg
155 1158 191 1221 de
210 1162 308 1239 quibus
349 1163 436 1240 nguiis
456 1161 549 1221 dicam
569 1161 617 1218 suo
636 1159 719 1219 loco:
739 1178 815 1220 nunc
830 1159 866 1221 de
877 1162 942 1221 uui·

63 1252 101 1296 νο
136 1255 157 1296 s.

104 1314 170 1390 Qui
183 1315 272 1393 potest
286 1314 444 1392 prouideri,
464 1313 616 1391 quidquam
632 1314 756 1383 futurum
772 1310 845 1383 ell'e,
865 1314 942 1392 quod
952 1324 985 1382 17

62 1406 84 1451 n
122 1408 158 1450 ue
172 1391 280 1451 causam
294 1392 377 1449 habet
388 1390 492 1460 ullam,
511 1406 603 1465 neque
618 1403 734 1456 notam,
755 1407 803 1447 cur
818 1391 941 1452 futurum

64 1464 100 1525 fit
141 1467 204 1527 solis
226 1465 399 1527 defeetiones
415 1509 424 1537 ,
443 1468 569 1542 itemque
587 1467 687 1533 lunae,
707 1466 894 1540 praedicuntur
911 1443 1090 1570 inffifsu‘&

65 1543 173 1603 multos
188 1560 276 1604 annos
290 1542 323 1602 ab
336 1544 386 1615 iis,
405 1545 453 1620 qui
469 1541 587 1603 fiderum
602 1542 714 1600 ¹¹cursus
734 1544 763 1601 &
778 1555 871 1603 motus
888 1563 1028 1625 num.

64 1620 152 1679 meris
166 1620 374 1699 persequuntur.
412 1638 446 1679 ea
460 1621 536 1678 enim
556 1618 732 1697 praedicunt,
752 1637 816 1697 quae
837 1635 942 1683 naturae
963 1640 987 1688 r.
1005 1640 1082 1690 exn.

64 1696 211 1756 nec'essitas
228 1698 382 1774 perfectura
396 1696 443 1757 est.
483 1697 590 1756 Vident
603 1714 638 1754 ex
653 1696 941 1758 constantiffimomo-

65 1783 99 1832 tu
113 1772 206 1844 lunae,
226 1775 339 1853 quando
353 1775 397 1834 illa
411 1772 427 1833 ὲ
442 1775 558 1851 regione
571 1773 633 1833 solis
647 1771 741 1831 oracta
754 1773 896 1834 rincurrat
910 1777 963 1834 ino
978 1777 1055 1843 posita

66 1850 198 1910 umbram
212 1862 316 1923 terrae,
335 1869 400 1928 quae
416 1851 453 1911 est
469 1864 544 1910 meta
557 1849 646 1911 nostis
662 1893 671 1919 ‚
691 1863 723 1908 ut
738 1868 799 1908 earn
816 1846 1001 1917 obscura-⁶⁰⁸}
1013 1842 1092 1919 '‘⁶²3’‘-

66 1925 212 1987 rineceffe
231 1927 286 1989 fit:
307 1928 477 2006 quandoque
506 1928 604 1987 eadem
632 1928 697 1985 luna
718 1925 837 2002 subjeeta
857 1918 1098 2021 atqueffim,

69 2003 196 2080 opposta
211 2005 277 2075 soli,
297 2005 393 2064 nostris
409 2006 495 2064 oculis
518 2006 576 2079 ejus
597 2004 693 2062 lumen
716 2002 863 2062 obscuret:
884 2024 943 2084 quo

51 2078 97 2141 'iu
112 2079 191 2158 ligno
207 2098 328 2159 quaeque
342 2084 491 2141 errantium
505 2081 639 2140 stellarum
658 2123 667 2148 ‚
687 2097 800 2156 quoque
814 2093 944 2156 tempore

68 2155 160 2216 futura
174 2157 223 2228 fit,
243 2160 292 2235 qui
306 2173 417 2218 exortus
432 2173 546 2236 quoque
559 2157 604 2214 die
618 2155 685 2230 figni
699 2156 883 2230 alicujus,aut
896 2161 946 2234 qui

69 2233 183 2292 occasus
198 2237 305 2294 futurus
317 2233 357 2294 srt.
395 2237 458 2294 haec
478 2235 527 2311 qui
547 2245 612 2292 ante
630 2234 744 2302 dicunt,
764 2250 848 2310 quarn
863 2237 947 2296 ratio·

69 2325 138 2373 nem
153 2311 317 2389 sequantur,
336 2311 423 2372 vides.

110 2388 178 2446 Vll.
201 2392 315 2464 ¹2Qu1
338 2401 580 2448 runsnuuuu‘
596 2387 797 2457 inventurum,
827 2389 988 2455 anthe-18
1014 2395 1016 2398 ’

69 2461 218 2523 feditatem
234 2480 380 2524 venturam
397 2466 509 2536 dicunt,
530 2463 597 2542 quid
611 2464 779 2539 sequuntur?
798 2467 880 2524 autin
889 2485 945 2543 qua

70 2555 165 2599 rerum
181 2553 276 2601 natura
289 2543 375 2611 inest,
395 2543 423 2602 id
444 2544 568 2602 futurum
584 2538 596 2598 ἓ
622 2540 699 2616 quod
723 2541 741 2599 fi
757 2541 840 2600 rhaec
855 2561 967 2664 eaqueq
982 2561 1077 2614 eaque

70 2633 138 2694 quae
152 2618 214 2678 sunt
234 2619 357 2694 ejusdem
377 2620 484 2695 generis
503 2663 513 2691 ,
532 2619 633 2678 habent
651 2619 771 2695 aliquam
783 2620 880 2679 talem
895 2640 945 2681 ne·
962 2627 1004 2664 ⁰¹¹1
1019 2617 1072 2667 ⁴¹³5·
1117 2630 1119 2635 '

873 2698 950 2757 cesli-

103 2860 142 2895 12.
157 2846 208 2907 „Qui
216 2848 338 2908 thesaurum
349 2851 509 2908 inventurum]
538 2843 707 2908 subintellige,
723 2847 834 2906 aiicujus,
849 2847 887 2895 uel
903 2849 949 2895 eii-

71 2926 152 2977 quem‚
168 2910 245 2972 inquit
257 2913 407 2961 Gulielmius.
423 2911 551 2960 Lambinus
562 2910 671 2972 quamvis
682 2907 745 2956 libris
756 2909 866 2957 omnibus
876 2911 953 2960 recia·
1004 2928 1006 2936 ·

72 2971 197 3024 mantibus
208 2988 231 3023 re
266 2975 322 3032 suit,
339 2981 451 3022 inventum
466 2979 504 3022 iri.
522 2979 614 3023 Gruter.
650 2969 827 3035 Davifiuerg.
845 2975 871 3023 bc
884 2977 952 3023 Can·

72 3036 123 3085 tab.
135 3033 215 3086 Codd.
235 3040 313 3088 'ocutus
326 3039 391 3087 dedit
410 3040 579 3092 ismeniendum
596 3035 660 3084 male
682 3032 698 3080 si
716 3035 772 3098 quid
785 3034 902 3093 dijudico,
922 3040 949 3090 δι

74 3111 160 3148 contra
171 3099 293 3151 Ciceronis
304 3105 400 3163 genium
412 3104 436 3151 &
454 3115 585 3148 occursuram
601 3096 712 3146 scribendi
728 3100 853 3150 rationem.
887 3105 948 3151 Nou

75 3163 234 3226 negaverim,
254 3166 319 3226 quod
336 3167 417 3213 multis
435 3163 537 3212 ostendit
554 3160 685 3216 Davisius,
702 3162 849 3226 participium
865 3163 949 3226 passivi

73 3223 201 3283 ficturum,
216 3239 241 3275 ut
254 3228 410 3278 Grammatici
427 3227 575 3286 loquuntur,
595 3223 714 3272 interdum
731 3224 835 3276 adhiberi
852 3241 895 3289 pto
909 3226 950 3276 su·

73 3300 129 3338 turo
139 3289 266 3348 infinitivi,
283 3290 320 3340 sed
334 3307 375 3354 pto
385 3307 415 3339 eo
426 3291 492 3353 quod
503 3289 600 3338 dubium
611 3287 701 3352 aliquid
720 3288 797 3337 innuit
809 3324 816 3347 ,
836 3291 861 3339 δι
874 3288 948 3355 figni-

72 3349 131 3401 ficat
143 3353 199 3414 quid
211 3353 274 3404 sorte
285 3356 352 3414 poll'e
363 3355 413 3403 fieri
426 3366 466 3402 aut
481 3369 529 3403 non
542 3352 591 3400 sieri
605 3385 612 3407 ‚
628 3366 734 3414 unquam
747 3354 818 3414 poni,
831 3353 949 3416 quemad·

72 3415 175 3466 modum
187 3418 299 3465 hocloco
309 3432 447 3480 poneretur,
463 3417 487 3467 id
498 3431 555 3465 veto
571 3428 684 3481 pernego.
715 3423 811 3481 Sempet
825 3415 949 3465 adhibetur

74 3479 107 3529 de
118 3494 148 3529 eo
158 3480 225 3546 quod
235 3479 300 3531 certb
312 3481 345 3531 eil
354 3484 467 3533 turritum.
503 3482 598 3540 Veriurg.

456 3546 506 3597 Sti
521 3560 563 3592 sss
579 3558 618 3591 sss
634 3555 646 3600 5
830 3552 868 3598 13.
885 3541 953 3605 unif
