2296 3908
215 109 297 197 3128
378 112 454 178 De
497 114 946 203 Drttrtntronc

213 221 296 282 uto:
317 221 470 281 lueritlroc
483 221 619 292 censoris,
638 222 658 281 fi
669 219 810 299 judicabat
832 223 1016 284 ementitum.
1056 226 1097 290 At

211 296 280 356 illud
295 297 413 357 minime
428 299 554 375 auguris,
574 299 653 374 quod
666 298 802 374 adscripsit
816 340 825 366 ,
846 298 883 356 ob
902 316 966 358 eam
984 304 1095 366 causam

62 377 207 448 suffe
213 375 349 450 populum
365 377 528 435 Romanum
544 375 731 435 calamitatem
748 376 901 435 maximam
914 375 1050 452 sceptffe.
1068 382 1095 442 Si

61 449 117 500 ὃ·
142 476 145 479 ·
213 453 290 509 enirn
305 471 338 511 ea
354 453 433 513 causa
447 452 607 512 calamitatis
623 453 690 512 fuit:
711 453 814 513 nonin
829 470 865 510 eo
881 452 918 511 est
935 456 1020 531 culpa
1031 458 1093 536 ‚qui

211 528 388 589 obnuntiavit
394 551 405 599 ;
422 529 469 589 sed
482 531 512 589 in
528 547 588 599 eo,
609 531 658 606 qui
679 548 737 589 non
759 529 856 605 paruit.
895 547 995 591 veram
1019 538 1092 596 enirn

210 604 290 664 ruste
305 607 549 667 obnuntiationem
567 650 577 678 ,
596 617 627 665 ut
641 607 680 666 ait
703 607 780 665 idem
805 623 892 682 augur
918 608 950 666 bt
971 612 1092 683 censor,

211 681 301 743 exittu
314 684 486 761 approbavit.
525 694 554 740 45
567 688 643 761 Quae
657 682 679 741 fi
695 683 758 742 falsa
773 680 901 752 suillam,
921 685 1032 747 nullam
1053 691 1091 748 af·

17 788 20 793 ·
60 759 283 840 gausseno
298 759 446 836 potuiilent
462 761 571 821 causam
594 761 765 820 calamitatis.
790 761 895 819 etenim
909 761 1010 835 adira,
1026 765 1090 827 sicut

60 830 183 891 0'021‘·
209 847 302 899 cetera
316 837 457 914 auspicia,
477 851 509 897 ut
522 839 637 911 omina,
657 848 687 895 ut
705 837 804 912 signa,
830 854 890 896 non
912 840 1009 900 causas
1026 841 1090 902 affe·

50 919 68 989 j
202 927 292 984 tunt,
311 923 360 973 cur
374 915 441 991 quid
456 917 584 986 eveniat,
603 915 649 973 sed
664 915 794 973 nuntiant
807 927 941 974 euentura
950 958 958 983 ‚
968 916 1095 996 nifipto·

168 992 321 1071 3otidetis.
359 993 428 1052 Non
443 993 525 1069 igitur
538 992 713 1051 obnuntiatio
729 991 805 1065 Ateji
820 989 928 1050 causam
949 992 1035 1054 finxit
1047 1013 1089 1057 ca·

207 1067 354 1136 hmitatis,
375 1068 420 1128 sed
433 1069 511 1144 ligno
526 1070 638 1144 objecto
654 1070 766 1127 monuit
774 1065 898 1126 Ctaffum
908 1070 997 1144 ‚quid
1006 1090 1088 1132 even·

206 1155 303 1202 tumm
316 1142 399 1215 effet,
419 1146 469 1204 nili
483 1145 603 1205 cavillet.
643 1147 683 1204 lta
698 1158 745 1203 aut
762 1144 806 1202 illa
821 1146 1002 1206 obnuntiatio
1024 1146 1087 1208 nibil

206 1222 310 1281 ualuit:
328 1235 377 1280 >aut
391 1223 428 1292 st,
448 1234 479 1281 ut
495 1225 602 1300 Appius
614 1223 737 1299 judicat,
758 1222 843 1279 valuit
860 1265 868 1290 ‚
888 1223 918 1283 id
933 1224 1042 1297 valuit,
1058 1234 1086 1286 ut

206 1312 355 1374 peccatum
371 1301 475 1358 haereat
489 1301 591 1360 nonin
605 1317 660 1370 eo,
679 1301 728 1376 qui
741 1301 905 1368 monuerim
925 1298 975 1359 sed
990 1304 1020 1361 in
1034 1321 1086 1374 eo,

168 1434 171 1441 ,
206 1375 330 1451 quinon
345 1377 549 1451 obtemperarit.

201 1500 203 1507 .
244 1450 340 1511 XVII.
361 1456 437 1528 Qui
450 1473 469 1510 o
488 1455 570 1513 lituus
584 1453 632 1512 iste
647 1451 750 1520 vestet,
770 1451 849 1528 quod
863 1451 1099 1517 clatiffimumest'
1124 1472 1126 1491 ¹

138 1539 148 1552 ·
177 1582 180 1587 .
206 1523 314 1605 iiiiigne
328 1529 492 1606 auguratus,
511 1529 586 1589 unde
601 1529 701 1587 hvobis
717 1529 754 1587 est
768 1527 903 1587 traditus?
923 1549 1031 1608 nempe
1052 1550 1085 1592 eo

92 1607 104 1670 ,“
156 1606 163 1623 ’
209 1607 349 1666 Romulus
370 1609 496 1682 regiones
518 1606 616 1666 direxit
637 1617 724 1674 tum,
745 1603 810 1666 clun
832 1605 929 1664 urbem
952 1609 1085 1670 condidit.

144 1723 156 1731 --
209 1683 387 1762 quiquidem
404 1683 520 1744 Romuli
532 1684 633 1754 lituus,
652 1682 681 1737 4⁶
689 1682 719 1742 id
733 1681 796 1752 est,
815 1683 969 1744 incurvum
996 1687 1085 1774 ⁸9¹⁶·

185 1773 187 1776 ·
1019 1775 1086 1846 vitet

1076 1850 1087 1875 Χ

237 1974 277 2019 45.
291 1958 347 2022 Qu
354 1958 374 2018 fi
384 1957 445 2019 filsea
452 1957 543 2022 fuiffet,
557 1958 641 2005 nullam
650 1956 737 2017 adferre
749 1955 846 2020 potuiffet
857 1955 952 2018 earaffim
968 1959 1085 2008 calamita·

203 2024 259 2081 riu]
272 2024 357 2086 Vulgg.
369 2021 455 2084 fuiffeat
466 2024 491 2072 bt
502 2024 625 2085 poruasffent,
641 2035 691 2083 quo
701 2024 776 2069 modo
788 2019 878 2068 soloeea
888 2019 915 2068 fit
934 2023 1016 2072 oratio
1028 2039 1037 2080 i
1053 2023 1082 2072 ad

203 2086 416 2136 obnundationem
427 2086 491 2134 enirn
502 2084 680 2134 illatefetuntue
691 2083 768 2133 verba.
802 2081 873 2144 Quod
886 2082 959 2146 igitur
970 2087 1010 2134 vel
1022 2086 1084 2134 invi·

204 2149 375 2199 &Codicibua
387 2147 511 2204 fecissem,
527 2148 571 2206 id,
588 2146 722 2196 volentibus
736 2152 797 2210 Reg.
823 2149 848 2194 δι
860 2146 967 2196 Cantab.
983 2147 1084 2207 nostris,

202 2214 255 2276 in
265 2213 414 2269 nuncsaeio,
431 2213 624 2274 Ciceronemque
635 2210 708 2260 foedis
718 2211 766 2258 illis
776 2209 850 2258 libeto
861 2210 972 2260 maculis.
999 2213 1081 2272 Davafi

233 2284 272 2336 46-
290 2279 317 2324 Id
326 2276 354 2334 est
364 2281 479 2323 incurvum
490 2277 515 2326 ὼ·
526 2278 606 2322 leviter
617 2275 631 2319 ὰ
644 2277 729 2335 samma
739 2275 842 2333 inflexum
853 2274 972 2329 bacilium,
989 2277 1045 2338 qued
1056 2275 1083 2322 ab

200 2341 249 2394 dua
258 2340 312 2388 ritui
320 2355 376 2400 ,quo
385 2343 480 2392 canitur,
489 2339 633 2398 finilitudirae
645 2355 719 2383 nomen
729 2340 833 2392 invenie]
849 2334 1082 2398 Lipsruslib.1.Vat.

200 2415 298 2465 capae.
313 2402 392 2450 isthaec
407 2403 489 2450 omnia
506 2399 576 2449 babet
589 2415 631 2464 pto
647 2398 806 2463 giollemare:
829 2398 913 2446 retient
926 2413 1012 2450 tamen
1023 2416 1080 2450 eon·

200 2463 289 2512 inritet
299 2466 324 2513 io
334 2463 446 2514 omnibus
456 2460 509 2512 mil.
522 2463 657 2526 delevitque
669 2462 806 2512 Lambinus.
823 2465 912 2511 Gruter.
943 2467 971 2510 ld
981 2464 1031 2524 est,
1048 2468 1080 2512 ia-

176 2544 293 2575 nuam
308 2552 401 2567 —--
420 2544 494 2574 nomen
514 2531 623 2586 invenie]
652 2531 708 2575 Hae
722 2525 793 2575 verba
811 2525 900 2588 primus
921 2525 1080 2577 Glotlesnatis

196 2590 323 2639 damnavit
338 2591 398 2652 Just.
412 2588 502 2655 Lipfius
518 2596 573 2640 vat.
591 2588 658 2640 Lete.
672 2589 715 2638 lib.
726 2595 745 2638 l.
767 2603 818 2650 cap.
830 2603 869 2637 20.
890 2589 1011 2649 quoniam
1031 2604 1079 2640 nott

199 2653 278 2704 nodo
290 2655 390 2711 Cicero,
406 2652 445 2704 sed
457 2655 553 2717 vulgus,
570 2655 595 2702 bt
608 2667 673 2716 paene
682 2652 746 2716 pueri
758 2686 766 2709 ,
782 2649 839 2714 quid
850 2649 907 2700 eiset
919 2653 995 2702 lituus
1006 2686 1013 2711 ,
1029 2666 1079 2704 tum

201 2720 318 2782 temporis
329 2719 402 2782 probe
418 2730 543 2767 noverant.
575 2717 639 2766 Mihi
651 2729 733 2764 tamen
749 2714 811 2764 haud
831 2715 864 2763 ita
881 2713 953 2765 firma
970 2719 1079 2783 claraque

199 2782 293 2831 videtur
304 2783 352 2830 bac
364 2785 437 2838 ratio,
452 2793 478 2830 ut
489 2795 539 2830 tem
549 2780 574 2829 in
585 2793 664 2843 aperta
675 2782 728 2827 luce
737 2780 849 2827 collocet.
883 2781 966 2836 Nam,
981 2795 1016 2830 ne
1029 2794 1079 2830 mo·

199 2860 295 2905 norem
305 2844 335 2893 de
346 2846 398 2895 solo
408 2845 508 2895 Romuli
520 2844 580 2892 lituo
591 2843 629 2891 hic
640 2857 651 2891 a
672 2843 696 2899 i,
723 2843 777 2892 licet
795 2846 831 2891 M.
843 2840 992 2892 Ciceronem
1008 2858 1080 2910 augu-

199 2924 251 2960 rem
268 2909 330 2956 lituo
345 2910 481 2972 frequenter
495 2905 580 2962 usum,
600 2912 632 2967 Q.
651 2858 724 2954 grater
739 2905 900 2968 adloquatur‚
922 2919 951 2954 ea
963 2905 1078 2966 miscete,

200 2986 252 3034 qtae
263 2975 369 3020 Tullium
385 2987 434 3020 non
445 2972 555 3035 fugerunt
567 3000 581 3025 ,-
590 2968 653 3017 baud
664 2983 714 3018 erat
726 2970 903 3033 importunum,
919 2968 1038 3030 siquidem
1048 2973 1078 3021 ll·
1123 2964 1126 3009 Ι

195 3035 241 3089 ,ber
257 3037 282 3083 in
298 3035 415 3083 lectorum
427 3032 582 3096 gratiamfuit
595 3032 680 3080 editus.
712 3036 765 3080 Nec
779 3032 842 3079 forte
859 3032 910 3079 litui
926 3033 1009 3082 forma
1021 3049 1075 3084 cun·

199 3099 245 3148 aas
254 3100 357 3145 innocuit
370 3132 377 3152 ‚
394 3112 448 3144 eum
460 3098 524 3145 enim
536 3098 615 3145 Livius
626 3098 698 3144 etiam
712 3092 888 3144 describendum
900 3098 1003 3159 putavit.
1021 3104 1076 3146 Aa·
1124 3134 1126 3147 .

194 3177 254 3225 gur,
266 3162 347 3221 x'iuquit
362 3161 404 3208 ille
420 3159 461 3210 lib.
477 3177 497 3209 1.
514 3174 565 3222 cap.
580 3169 615 3208 18.
634 3183 664 3192 -
681 3163 783 3206 [taculum
794 3161 839 3216 fine
854 3160 907 3204 nodo
923 3161 1034 3207 aduncum
1046 3174 1076 3208 u·

199 3239 260 3276 aaa,
277 3239 340 3283 quem
350 3225 432 3269 lituum
442 3225 609 3284 appellauerunt.
642 3227 752 3271 Praeterea
763 3222 878 3270 Latinitas
889 3219 923 3269 est
933 3220 1076 3288 elegantior,

201 3300 277 3351 quam
286 3284 346 3334 lette
358 3283 416 3334 folet
429 3285 587 3336 librariorum
598 3297 679 3348 eaptus
692 3303 700 3342 3
717 3299 860 3350 quapropter
876 3283 906 3333 ab
922 3285 996 3349 lpfius
1007 3288 1077 3336 Cice·

201 3351 269 3415 :pais
278 3363 350 3396 manu
360 3348 430 3398 fuifse
443 3349 563 3412 ptafrabte
580 3366 630 3398 non
646 3351 762 3411 negarim.
794 3346 867 3410 Quod
883 3346 901 3395 si
917 3347 966 3407 fit,
981 3349 1076 3400 incluii's

200 3410 336 3465 htentbcfi
345 3413 455 3468 vocibuS,
471 3415 569 3475 legerim
580 3431 590 3470 ⁸,
607 3417 627 3461 is
639 3413 668 3474 est
683 3417 799 3459 incurvum
815 3436 908 3451 ---
920 3428 997 3461 namen
1013 3417 1075 3462 inve·

196 3483 233 3529 uie
240 3512 253 3540 ,
268 3480 393 3545 Utcunque
408 3477 432 3529 se
446 3490 482 3530 tes
496 3476 601 3540 habeat,
622 3476 668 3529 laus
682 3475 740 3529 facit
757 3473 877 3530 mactabit
890 3475 961 3528 lucus
981 3480 1076 3592 Satulrss·
1124 3484 1126 3489 ’
