2296 3908
198 108 393 177 irruere
436 100 774 171 Sucuuous.
849 118 940 188 soor

45 219 160 291 treceffe
174 219 213 281 est
228 234 399 294 ergo,.eum
421 217 542 278 deorum
563 216 681 278 consilio
702 219 732 277 ὃ(
753 215 928 295 providentii

45 298 240 362 administrari.
277 293 421 355 Postremb
436 293 502 355 cbm
516 295 576 354 satis
590 294 785 364 docuerimus,
805 296 858 355 hos
873 293 930 356 effe
982 322 985 329 ·

45 376 138 446 deos,
158 389 282 454 quorum
296 371 432 449 infignem
447 373 507 431 uim
534 372 564 441 ὃς
589 370 719 431 illustrem
734 373 836 431 faciem
850 371 930 432 vide·
951 380 977 433 t.
989 374 1067 437 xm,

45 468 147 513 remus
162 450 286 523 ,solem
299 449 365 509 dico
382 492 391 519 ,
411 451 440 529 ὃς
461 449 556 509 lunam
572 489 582 517 ,
601 450 632 508 &
653 466 735 525 vagas
762 447 848 509 stellas
871 451 932 519 ,δε

45 528 221 601 inerrantes,
241 529 272 587 δι
286 526 412 595 caelum,
440 527 470 586 ὅτ
490 524 630 585 muudum
651 525 764 601 ipsum,
784 526 815 585 δι
836 543 934 586 carum

45 622 148 665 rerum
163 606 241 674 vim„
261 620 327 681 quae
339 600 456 663 inellent
468 604 497 663 in
514 601 595 661 omni
609 602 719 662 mundo
740 619 807 662 cum
827 620 935 679 magno

48 682 108 741 usu
134 684 166 743 δι
187 680 394 741 commoditate
407 681 513 757 generis
527 680 658 739 humani:
680 678 816 749 efficitur,
835 681 935 740 omnia

45 759 115 837 -regi
139 757 235 819 divina
248 770 345 823 mente
370 769 454 834 atque
484 754 668 833 providentii.
706 757 752 815 Ac
778 755 815 817 de
843 758 936 833 prima

50 836 173 914 quidem
207 833 459 895 anesatiadierum
473 833 504 893 ei
512 877 520 892 .
1015 908 1017 913 s
1052 856 1066 873 ’-

93 855 216 985 xxxii.
234 912 459 989 Summarum,
478 921 510 970 ut
531 909 675 979 doceam,
697 910 795 969 omnia
817 908 935 986 subjeela
946 902 982 966 81
1028 938 1032 944 ·
1102 908 1107 917 '

49 986 112 1051 effe
125 994 257 1060 naturae,
269 1006 359 1067 eaque
375 987 409 1047 ab
423 1006 457 1047 ca
472 987 637 1063 pulcerrime
653 987 739 1063 rregi.
758 985 813 1046 Sed
827 987 955 1123 ἓιιίἀίὶῑῐ
970 982 1056 1057 ἱξΜΥ·

53 1066 115 1142 ipsa
140 1077 237 1135 natura
260 1064 458 1142 explicandum
473 1064 511 1123 est
525 1062 592 1123 ante
606 1065 742 1131 breviter,
761 1082 821 1141 quo
857 1060 1001 1125 eliberim

51 1136 104 1215 id,
123 1138 202 1220 qubd
214 1143 317 1203 docere
342 1142 518 1210 ⁸uolumus,
536 1140 652 1217 intelligi
673 1141 762 1216 poffit.
801 1141 956 1223 Namques
971 1139 1079 1216 velim&

55 1219 104 1295 alii
118 1232 245 1281 naturam
266 1217 379 1277 censent
399 1214 453 1277 eise
477 1218 537 1279 vim
558 1219 698 1294 quandam
721 1217 779 1275 sine
801 1219 909 1279 ratione
922 1204 1029 1289 ,navet

54 1297 181 1365 cientem
196 1309 292 1355 motue
306 1296 336 1354 in
357 1294 518 1369 corporibus
534 1291 712 1355 neceffarios:
735 1306 759 1336 ¹¹
769 1294 814 1353 alii
827 1308 935 1365 autem,

57 1374 120 1431 vim
135 1375 300 1449 participem
321 1371 436 1432 tationis
475 1382 559 1447 atque
577 1372 704 1439 ordinia3
724 1382 870 1446 tamquam
891 1373 938 1433 rid

56 1448 287 1530 progredientem
335 1445 609 1524 declarantemque,
642 1448 710 1525 quid
737 1449 870 1523 cujusque
899 1451 940 1510 rei

59 1524 143 1584 causa
156 1524 277 1594 efficiat,
295 1522 364 1599 quid
375 1522 518 1600 sequatur,
537 1523 615 1600 cujus
629 1523 773 1584 sollertiam
789 1524 863 1583 nulla
877 1542 938 1598 aru,

59 1600 138 1661 nulla
151 1618 266 1671 manua,
286 1617 375 1659 nemo
388 1600 485 1676 opifex
492 1601 625 1674 consequi
640 1601 721 1677 poffit
733 1600 940 1661 imitando.··se-

62 1677 147 1735 minis
163 1679 239 1737 eitim
256 1673 381 1747 vimeffe
393 1690 518 1748 tantam,
539 1690 569 1739 ut
583 1677 627 1745 id,
648 1694 820 1755 quamquam
832 1678 864 1737 srt
879 1697 943 1755 per·

61 1754 197 1830 cxiguum
217 1797 227 1825 ‚
247 1766 342 1817 tamen
363 1753 384 1812 sr
405 1755 531 1814 inciderit
545 1756 575 1812 in
591 1756 797 1829 concipientem
811 1772 943 1832 compre-

60 1830 294 1908 hendentemque
307 1843 454 1901 naturam,
473 1831 643 1907 tractumque
658 1830 690 1889 sat
705 1832 867 1901 materiam,
884 1831 942 1909 quai

60 1907 100 1967 ali
127 1909 278 1985 augerique
301 1907 406 1984 poffit,
425 1909 463 1966 ita
481 1907 567 1983 fingat
594 1912 623 1965 ὅ(
639 1908 739 1966 efficiat
752 1909 781 1967 in
795 1908 844 1967 suo
857 1910 942 1985 quid·

60 2000 121 2119 pue
134 2001 254 2061 genere;
275 1985 374 2061 partim
390 1996 422 2042 ut
442 1982 642 2045 tantummodo
663 2001 712 2059 per
726 1984 817 2061 stirpes
833 1986 940 2045 alantur

73 2077 140 2129 uas,
159 2062 258 2136 partim
274 2075 304 2120 ut
319 2061 431 2119 moveri
445 2063 548 2130 etiam,
569 2062 599 2119 ὅ(
620 2061 743 2132 sentire,
762 2064 792 2120 δι
809 2074 940 2138 appetere

60 2136 184 2213 poffint,
202 2138 232 2197 δι
246 2154 281 2199 err
294 2136 348 2197 sese
363 2136 458 2198 srmilia
473 2137 511 2195 sui
526 2140 648 2212 gignere.

103 2211 175 2271 Sunt
188 2226 283 2275 autem
297 2256 306 2281 ‚
325 2215 374 2290 qui
387 2214 485 2273 omnia
500 2227 606 2272 naturae
621 2215 739 2272 nomine
752 2212 901 2290 appellent,
909 2223 940 2273 ut
951 2222 987 2281 82

61 2289 218 2365 Epicurus,
237 2292 286 2368 qui
298 2291 335 2351 ita
348 2288 462 2359 dividit,
482 2291 612 2349 omnium
632 2332 640 2357 ,
660 2309 725 2368 quae
747 2291 841 2360 tsint,
860 2304 960 2351 natu-e
976 2296 1065 2355 suntin

61 2364 200 2426 ramesse
238 2384 355 2443 corpora
382 2368 412 2437 &
433 2367 532 2437 inane,
553 2385 673 2444 quaeque
687 2367 728 2426 his
742 2367 878 2429 accidant.
887 2368 941 2428 Sed
951 2361 1036 2412 ¹¹²¹¹¹¹4

63 2460 120 2503 nos
134 2440 199 2503 cium
213 2442 332 2514 dicimus
346 2442 442 2503 naturi
467 2443 591 2505 constare
617 2444 943 2520 administrariquemun-
952 2428 1007 2479 ⁸⁸·

61 2520 153 2587 duna,
173 2537 233 2579 non
252 2520 289 2591 ita¹
310 2520 453 2588 dicimus,
473 2533 504 2578 ut
525 2521 658 2595 glebam,
685 2532 732 2579 aut
753 2521 943 2596 fragmentum

61 2594 180 2674 lapidis,
199 2596 248 2657 aut
261 2596 364 2673 aliquid
377 2596 534 2674 ejusmodi,
556 2596 665 2663 ”nulli
687 2597 848 2665 cohaerendi
862 2611 944 2691 narp-

897 2693 944 2747 Π·

101 2850 139 2886 u.
157 2839 215 2886 ,Alii
228 2850 300 2891 autem
310 2842 357 2891 uim
364 2841 489 2903 participem
501 2840 591 2888 rationis
602 2838 661 2896 &nl
689 2836 775 2887 1.εᾶἰο
789 2838 854 2901 vulg.
865 2838 948 2893 forsan

67 2896 134 2949 aelle
146 2897 264 2956 sehabet,
280 2900 319 2951 sed
329 2915 413 2951 tamen
424 2904 510 2951 mirum
524 2901 576 2960 est,
597 2902 715 2957 Balbum,
737 2899 886 2951 adferentem
900 2901 947 2952 buc

68 2962 148 3011 varias
163 2961 315 3015 definitiones
328 2980 436 3020 natura,
459 2964 564 3014 oblivisci
585 2965 724 3014 sententiam
742 2966 867 3025 zenonis,
889 2981 949 3030 prz-

65 3024 172 3088 aeptoria
183 3026 229 3082 sui,
247 3028 334 3077 scilicet
343 3043 397 3077 eam
407 3027 455 3077 etse
466 3028 608 3091 potestatem
618 3030 716 3079 tationis
729 3028 880 3092 participem,
894 3044 948 3093 quae

66 3085 161 3148 format
172 3090 197 3139 dc
213 3092 304 3139 animat
320 3105 357 3150 res
371 3106 465 3140 omnes.
497 3093 588 3140 Vocula
602 3096 652 3138 uim
672 3093 786 3157 reperitur
800 3091 898 3153 quidem
921 3095 948 3144 in

65 3151 178 3213 quodam
194 3151 380 3205 irminevino
395 3152 515 3219 inspecto,
534 3152 573 3210 sed
586 3153 668 3213 addita
685 3153 698 3203 *a
716 3169 791 3203 manu
806 3158 946 3213 recentiore.

64 3216 133 3279 Quid
144 3213 162 3263 fi
173 3215 294 3279 legamus,
310 3220 352 3263 etit
363 3221 431 3281 ignem
442 3251 449 3272 ,
464 3220 590 3278 parrr'er'pena
604 3218 695 3264 rationis
711 3232 775 3282 atqua
786 3220 887 3275 ardinis',
897 3234 950 3268 taar-

66 3276 189 3389 πηνίκ’
195 3281 371 3342 progredientem.
407 3280 466 3348 Vide
476 3279 644 3343 definitionem
654 3283 763 3353 zenonis
771 3280 839 3346 supra
848 3297 900 3348 cap.
908 3302 948 3343 aa.

87 3360 99 3385 θ
129 3359 162 3389 ur

102 3418 140 3465 ta.
158 3405 226 3453 Nulla
235 3408 349 3454 celerandi
362 3418 442 3454 natura
452 3408 508 3465 tra]
528 3404 592 3469 Quid
609 3407 651 3457 srbi
662 3409 719 3458 velit
730 3408 777 3458 hoc
792 3444 799 3467 ,
813 3414 876 3459 nella
887 3413 952 3458 ube·

66 3468 133 3531 rendi
142 3464 240 3529 uetare,
261 3467 339 3525 fateor
350 3469 453 3534 ingenue
465 3478 571 3527 menon
584 3470 672 3547 ridere.
703 3473 769 3537 Quid
783 3476 871 3528 enimi
886 3486 951 3532 noa·
1015 3492 1067 3664 t

919 3548 952 3591 nr
