2296 3908
260 110 450 179 bunut
493 112 786 181 Teucros.
881 118 964 200 3061

85 225 242 289 ostenderes
255 229 345 292 nullos
358 226 421 289 effe.
459 226 692 289 iconsuetudine
713 229 790 288 enim
810 228 959 292 oculorum

83 305 211 365 animum
226 304 363 365 abducere
377 306 569 367 difficillimum
584 304 708 365 dicebas:
728 304 792 373 sed,
812 304 876 364 citm
899 307 958 367 deo

80 380 151 441 nihil
164 383 334 459 praestantiuo
346 380 431 452 esset,
450 400 510 443 non
525 382 682 448 dubitabas,
701 381 770 457 quin
784 382 904 441 mundus
919 384 978 461 εἰς

81 456 123 516 set
135 456 223 529 deus,
242 474 302 535 quo
316 458 386 519 nihil
399 461 429 519 in
444 476 537 518 rerum
550 472 646 519 natura
659 459 758 517 melius
774 457 840 515 esser
847 480 857 526 ς
867 458 957 518 modb

80 531 222 608 possemus
236 552 303 595 eum
317 537 490 597 animantem
505 538 644 613 cogitare,
664 535 710 593 vei
728 534 820 610 potius
836 576 846 603 ,
866 550 897 594 ut
911 554 959 594 ce-

26 628 36 633 ·
80 622 140 669 tera
153 614 258 684 oculis,
277 611 314 671 fic
329 615 497 672 animo-boc
510 628 632 672 cernere.

117 687 177 749 Sed
191 689 256 749 cum
270 690 383 749 mundo
396 706 479 767 negas
494 690 647 765 quidquam
670 686 724 747 eise
746 689 867 759 meiius,
887 689 954 764 quid
965 695 999 739 21

81 760 150 823 dicis
164 765 284 825 meiius?
303 765 470 843 stpulctiuo,
489 764 626 825 assentior.
664 764 684 825 st
698 767 786 841 aptius
808 767 843 825 ad
857 768 959 827 utilita-

80 850 121 897 tes
134 841 255 915 nostras,
273 842 303 903 id
318 860 433 919 quoque
453 839 589 902 assentior.
629 843 676 901 Sin
699 856 794 900 autern
817 842 846 901 id
871 844 957 913 dicis,

78 916 148 975 nibil
162 915 218 978 effe
231 918 339 979 mundo
352 919 511 993 sapientius:
533 921 610 978 nulio
625 918 715 978 modo
739 919 844 994 prorsus
866 917 955 978 affert-

82 992 156 1061 tior;
176 1012 235 1081 nott
251 995 329 1075 qub'd
343 995 453 1055 difficile
466 996 498 1055 fit
512 1010 637 1055 mentem
660 994 694 1053 ab
716 995 976 1055 ocutisnsevoca-11
1004 1005 1104 1048 ΜΝ

27 1108 35 1131 a
81 1082 128 1127 rc:
147 1068 195 1131 sed
209 1089 268 1150 quo
282 1074 369 1148 magis
382 1073 526 1142 ⁰sevoco,
545 1091 581 1132 eo
597 1071 688 1131 mitris
696 1072 743 1143 id,
761 1072 839 1149 quod
854 1085 885 1130 tu
893 1055 1049 1167 ‘'¹⁸’i¹{{v0c

81 1144 192 1219 poflum
205 1162 302 1209 mente
315 1150 561 1225 comprehendere.
959 1183 992 1232 Μ,
1005 1135 1066 1235 Mu?

119 1220 313 1285 iX.N1·uru
340 1242 409 1284 ast
435 1226 543 1286 mundo
563 1227 660 1284 melius
682 1226 824 1284 interum
846 1239 952 1287 natura.

79 1296 129 1355 Ne
140 1301 170 1359 iu
184 1303 261 1363 tenio
273 1302 387 1379 quidem
402 1303 468 1361 urbe
483 1303 581 1361 nostra.
618 1320 688 1361 num
703 1304 784 1376 igitur
803 1303 907 1361 idcirco
921 1305 953 1365 in

79 1374 150 1434 urbe
161 1374 215 1438 cue
228 1380 383 1449 tationem,
403 1379 620 1456 cogitationem,
640 1392 765 1437 mentem
775 1378 872 1453 putas?
892 1394 951 1452 aut,

77 1452 217 1527 quoniam
229 1472 288 1515 uon
304 1456 353 1526 stt,
374 1473 444 1514 num
458 1456 562 1514 idcirco
580 1456 716 1514 existimas
736 1456 883 1513 formicam
900 1474 951 1515 an-

76 1528 268 1601 reponendam
282 1531 336 1591 effe
350 1534 415 1591 huic
436 1533 609 1608 pulcerrimae
630 1533 713 1599 urbi,
732 1530 810 1607 quod
830 1531 859 1589 in
881 1533 949 1591 urbe

77 1600 171 1663 sensus
184 1604 215 1667 tit
226 1608 329 1679 nuilus,
343 1610 371 1667 in
387 1611 503 1668 formica
518 1628 577 1668 non
594 1607 683 1668 modo
696 1606 785 1666 tensus
794 1606 947 1675 ,sedetiam

78 1684 284 1767 cocomario,
304 1685 461 1746 memoria?
481 1686 586 1745 Videre
600 1697 752 1760 roportet,
772 1684 947 1761 Raibe,quid
956 1721 972 1768 p
988 1720 1013 1759 re
1023 1724 1064 1776 op.

78 1754 131 1814 trbr
144 1761 328 1832 concedatur,
348 1781 408 1822 non
421 1775 450 1820 te
463 1761 571 1836 ipsum,
588 1763 667 1838 quod
682 1763 766 1831 veiis,
785 1760 901 1821 sumere.
955 1773 1009 1821 MS.

94 1903 98 1911 ¹
118 1832 203 1895 Istum
217 1840 292 1898 enim
304 1839 400 1899 locum
420 1850 513 1898 toturn
534 1840 578 1898 iiia
598 1852 676 1897 vetus
695 1838 818 1897 Zenonis
840 1839 993 1908 brevis,22

76 1909 127 1981 bc,
146 1922 179 1972 ut
191 1912 241 1975 tibi
255 1916 411 1988 videbatur,
433 1915 460 1959 ¹⁶
469 1929 548 1975 acuta
559 1912 703 1975 conciufio
724 1914 855 1975 dilatavit.
892 1916 948 1975 Ze·
960 1915 983 1965 t.
998 1915 1083 1975 LXW·

86 2002 90 2011 “
908 2011 948 2052 no

73 2206 135 2256 bion
145 2205 232 2271 opinor
241 2206 320 2257 fecisse
330 2205 462 2257 victorium
478 2202 527 2255 fine
542 2204 677 2256 interventu
692 2217 799 2255 veterum
813 2204 946 2269 iibromtn,

72 2268 201 2327 mederet,
217 2284 241 2317 oa
251 2271 414 2329 astomorum.
424 2271 547 2335 geminata
555 2269 587 2319 fic
599 2270 727 2333 particula,
743 2283 780 2326 uc,
792 2267 835 2317 etii
851 2270 877 2319 in
892 2274 946 2321 aliis

73 2328 99 2379 iri
109 2333 204 2381 nonita
216 2346 329 2383 occurrat.
347 2333 387 2382 Est
398 2332 490 2383 ccrtcid
503 2334 640 2388 Ciceronis,
657 2346 682 2381 ut
689 2331 769 2380 docuit
775 2330 908 2397 malaspina
914 2334 945 2385 ad

72 2392 228 2446 tibmmvm.
245 2411 280 2461 ep.
289 2414 310 2453 ς.
328 2396 358 2445 ad
368 2397 443 2449 Attio.
459 2400 555 2444 Gronov.
942 2400 945 2407 ·

108 2466 146 2510 16.
163 2466 242 2506 Acuca
253 2462 353 2518 conclusio
364 2462 492 2518 dilatauit]
511 2464 579 2508 itanc
588 2458 645 2509 veto
659 2462 667 2509 i
683 2460 755 2506 brevic
770 2459 869 2518 conclosto
885 2459 948 2506 diio-

73 2528 127 2569 uc?
144 2526 298 2579 aut,2mm's
309 2526 380 2571 bravia
395 2524 493 2581 conciosto
503 2522 568 2581 istum
584 2522 653 2570 iocum
662 2524 793 2569 dilatavit?
810 2528 842 2570 At
859 2520 947 2572 Balbus

72 2585 220 2633 contrarium
236 2587 307 2649 plane
323 2586 419 2635 zenoni
438 2584 518 2635 tribuit
534 2582 575 2633 lib.
592 2600 624 2634 ιι.
651 2598 702 2648 cap.
713 2600 736 2643 7.
759 2599 789 2632 eo
803 2583 855 2649 ipso
869 2584 944 2644 loco,

70 2658 146 2711 qoem
155 2645 246 2711 respicit
257 2652 346 2707 Corra,
361 2647 402 2698 ubi
411 2647 473 2698 banc
481 2644 556 2712 ipsam
566 2648 652 2696 brevem
661 2650 687 2701 ab
698 2660 783 2693 acorem
798 2647 947 2704 conctofioam

69 2708 321 2761 commemoramur:
339 2716 388 2761 Hoc
396 2714 466 2769 ercino,
481 2726 526 2773 quo
537 2713 658 2758 dilatantur
669 2714 684 2757 ri
695 2712 766 2765 nobis,
782 2714 803 2755 Ζ
805 2728 840 2756 eno
851 2712 882 2768 fic
893 2723 945 2773 pre·

69 2776 147 2822 mehor.
159 2774 185 2823 &
192 2780 241 2821 :vt
251 2780 307 2824 Zeno
312 2776 411 2836 Μαι,
427 2776 514 2823 trevias
523 2774 549 2826 ir
559 2774 667 2836 angustior
681 2774 840 2821 concluduntur.
874 2776 946 2819 Dolo·

70 2839 134 2881 uvir
146 2836 217 2899 igitur
227 2838 298 2900 plane
314 2836 456 2887 mendosum
471 2836 523 2892 est,
547 2838 572 2886 bt
588 2852 614 2886 re
628 2836 676 2901 ipsa
690 2834 823 2885 absurdum.
856 2836 945 2894 conji-

69 2896 178 2956 ciebam‚
191 2900 263 2948 brevis
274 2906 315 2960 &a
330 2915 355 2949 ut
369 2903 410 2949 ciii
423 2901 538 2949 videbator
546 2932 555 2956 ,
576 2912 640 2947 acuto
654 2902 752 2959 conclusso
768 2902 883 2948 coartavit.
913 2898 945 2946 do

70 2962 117 3010 01.
130 2974 153 3010 t.
164 2972 202 3019 ες.
218 2964 297 3026 Perfice
307 2977 332 3012 ot
345 2964 428 3025 crafflor
442 2966 501 3020 baa,
523 2979 568 3027 quo
584 2968 713 3020 coartavit,
733 2965 761 3015 &¹
774 2962 895 3024 peranguste
911 2979 948 3009 ro·

63 3020 132 3081 ferssc
146 3024 172 3070 r'o
186 3030 279 3083 morione
288 3029 352 3090 soa,
367 3029 446 3075 ditarer
460 3026 519 3075 nobis
533 3037 598 3090 otqoo
616 3027 713 3089 explicet.
729 3022 811 3075 rarad.
838 3039 862 3088 p.
875 3032 944 3080 533⁸·

67 3084 128 3137 edit.
138 3086 222 3147 Lamo,
240 3097 290 3141 Coto
304 3104 398 3149 autem,
417 3088 523 3155 perstans
538 3091 624 3137 Stoicos
640 3110 703 3129 -·-
718 3106 742 3136 ea
758 3088 787 3148 est
797 3088 885 3147 torosi,
900 3104 947 3151 quo

66 3152 156 3198 nullom
167 3151 268 3218 sequitur
276 3154 355 3212 florem
371 3156 492 3211 orationis,
514 3168 580 3219 neque
594 3152 675 3198 dilator
696 3164 850 3214 orgorneotom.
886 3146 946 3200 Vid'e

65 3212 142 3263 etiam
153 3218 199 3265 Ac.
208 3216 294 3280 quast.
305 3216 390 3268 libne.
407 3231 458 3282 cap.
467 3232 505 3274 12,
517 3231 554 3272 ις.
571 3213 601 3263 de
610 3214 662 3263 Fiu.
673 3213 757 3266 tibur.
775 3228 825 3275 cap.
833 3222 856 3263 6.
873 3219 945 3261 Zeno·

64 3280 101 3323 nio
111 3276 160 3337 est,
175 3280 283 3343 inquom,
309 3285 346 3329 hoc
360 3284 450 3338 Stoici3
471 3294 496 3328 ut
505 3281 557 3341 jam
586 3278 624 3328 vei
635 3278 713 3340 oriam)
731 3291 779 3327 onte
794 3277 943 3338 Aristotelio,

64 3356 149 3387 omnem
163 3344 215 3389 virro
231 3344 333 3407 loquendi
343 3348 368 3392 o'n
376 3346 430 3393 door
440 3344 566 3392 orituram
582 3360 593 3390 o
605 3354 698 3405 partes,
714 3343 840 3390 rhetoricam
851 3344 945 3405 palme,

63 3402 202 3451 distollicom
208 3417 277 3469 pugno
287 3406 383 3464 similem
395 3410 449 3469 effi,
470 3408 526 3468 quod
539 3407 608 3452 tarius
622 3407 755 3465 loquerentur
771 3408 877 3459 rhetores,
891 3404 945 3451 dia·

60 3466 137 3523 cattio·
145 3481 220 3521 cotom
229 3468 366 3536 amorrius,
397 3470 431 3529 iic
440 3471 483 3521 ilie
491 3471 558 3519 iocus
568 3467 684 3531 legendus
693 3468 742 3541 est,
756 3482 831 3535 quem
843 3466 945 3518 idcoto·

447 3532 672 3603 Rtttttttto
893 3536 946 3577 τω
997 3550 1091 3672 t
