2296 3908
213 117 294 185 3200
352 95 934 177 ,DeDivrnnrionu

215 214 246 272 δι
261 207 377 272 recessus
390 211 465 277 lunae
486 221 568 271 motu
597 211 790 286 gubernantur.
830 208 1010 273 usercam,
1029 208 1116 269 licetr

217 288 357 364 ejusmodi
371 282 505 364 proferri,
525 300 556 347 ut
571 286 727 347 distantium
743 303 836 346 rerum
858 286 992 362 cognatio
1013 298 1100 347 natu·

103 384 129 434 r.
148 383 176 429 u.
221 364 281 424 ralis
295 377 432 439 appareat.
485 432 486 436 η
560 365 563 389 ¹

261 441 326 499 XV.
346 442 452 500 Diuus
470 441 536 499 hoc.
555 438 623 499 nihil
637 440 713 498 enim
727 439 794 498 huic
808 436 985 513 disputationi
999 436 1098 501 adrtr·
1137 442 1142 509 ἱ,

178 532 179 536 ’
224 515 303 576 satur.
341 535 409 577 num
421 517 529 586 etiam,
550 513 673 575 srsillum
690 514 912 591 cujusdammodi
927 515 1051 574 fueritin
1055 515 1098 589 je·

74 596 196 670 limum·
224 609 308 663 core,
326 592 434 655 lucrum
450 590 620 654 ostenditur?
639 610 693 667 qua
714 610 750 651 eir
770 589 995 668 ΙΙιοιιῙιιιιᾶἰοιιε
1018 603 1097 651 natu·

75 671 143 708 ‘¹⁰¹¹‘
227 686 282 738 rae,
302 672 331 730 δι
345 670 419 748 quasi
433 669 589 731 iconcentu
614 681 697 744 atque
715 666 864 737 consensu,
883 683 970 743 quum
985 670 1097 736 συμπά-

75 720 188 831 fffiff
229 745 296 803 irruo
309 748 401 806 Graeci
416 745 572 823 appellant,
591 745 743 804 convenire
763 743 876 822 potest,
896 756 943 801 aut
958 742 1098 819 fiffumju·

77 846 87 894 i
102 853 198 892 ,mm
229 825 300 882 coris
314 842 379 885 cunr
392 824 493 883 lucello
509 838 593 890 meo,
612 835 660 881 aut
675 839 754 882 meur
767 820 945 895 quaesticulus
957 837 1029 879 cum
1043 838 1099 878 coe·

79 909 131 958 uis,
224 899 277 969 lo,
316 913 387 959 terra
406 916 554 975 rerumque
571 896 687 958 natura?
707 898 863 962 concedam
877 898 934 959 boe
950 895 1098 971 ipsum,fi

228 975 291 1044 vis;
313 977 360 1036 etsr
376 994 504 1050 magnam
518 975 652 1051 jussurum
667 975 754 1036 causae
770 975 884 1042 secero,
904 973 1032 1036 sinnam
1047 971 1096 1033 elie

228 1055 452 1112 convenientiam
468 1068 573 1111 naturae
587 1069 653 1111 cum
668 1052 737 1117 ontis
750 1047 921 1112 concessero.

184 1141 217 1200 35
267 1128 320 1189 Sed
332 1143 426 1188 tamen
441 1147 476 1187 eo
492 1125 641 1196 concesso,
660 1128 711 1204 qul
727 1129 838 1196 euenit,
859 1135 889 1180 ²⁹
897 1138 929 1187 ut
944 1125 971 1187 iu
985 1127 1035 1203 qui
1050 1125 1099 1185 ιιι)-
1124 1188 1128 1199 ,

228 1207 327 1278 petrire
344 1206 426 1271 velit,
446 1207 663 1264 convenientem
686 1205 802 1265 hostiam
825 1203 905 1265 reuco
926 1202 981 1265 suis
996 1205 1097 1262 immo·

227 1278 288 1339 leti
304 1283 360 1340 lioc
373 1296 449 1350 erat,
467 1283 545 1358 quod
567 1300 621 1356 ego
643 1298 702 1339 non
719 1282 795 1341 rebar
809 1277 885 1355 pollo
901 1276 1023 1343 dissolri
1059 1278 1097 1338 At

229 1356 316 1431 quim
331 1357 427 1416 festive
449 1357 607 1418 dissolvitur.
644 1357 732 1416 Pudet
754 1374 801 1416 me
819 1375 879 1416 non
901 1358 943 1414 tui
966 1354 1097 1431 quien,

229 1433 308 1508 cujus
322 1435 405 1492 eriam
421 1437 588 1494 memoriam
602 1432 747 1503 admiror,
768 1433 814 1493 sed
835 1431 1002 1508 Chrysippi,
1021 1432 1098 1497 Anti

230 1512 317 1584 patri,
336 1510 490 1580 Pofidonii,
512 1512 559 1585 qui
576 1509 650 1568 idem
665 1509 731 1569 istuc
751 1508 866 1586 quidem
889 1509 1008 1577 dictent,
1027 1506 1099 1586 quod

232 1583 271 1643 eli
285 1585 390 1645 dietum
407 1589 421 1644 :a
437 1601 482 1658 te,
501 1588 535 1645 ad
549 1586 664 1645 bolliam
673 1585 845 1661 deligendam
860 1581 1030 1649 ducemeffc
1043 1586 1097 1644 rin

230 1663 371 1736 quandam
386 1663 547 1724 sentientem
565 1704 573 1729 ,
593 1676 676 1737 atque
699 1664 821 1721 diuinam
838 1703 847 1730 ,
867 1679 934 1738 quae
956 1675 1022 1724 toto
1036 1678 1097 1720 cou-

231 1737 290 1796 susa
302 1741 411 1798 mundo
425 1740 464 1799 lit.
506 1738 575 1798 lllud
591 1738 661 1798 verb
673 1739 762 1800 multo
777 1740 859 1799 etiarn
883 1738 1011 1816 melius,
1028 1735 1097 1813 quos

234 1814 292 1873 &i
309 1828 337 1874 te
352 1817 506 1894 usurpatum
521 1816 574 1881 est,
595 1817 624 1875 δι
639 1817 737 1875 dicitur
750 1815 846 1874 abillis
861 1834 868 1871 :
889 1813 959 1874 cliiii
975 1814 1097 1878 immola

233 1907 264 1948 re
277 1893 410 1967 quispiam
427 1897 514 1960 velit,
533 1905 593 1949 turn
613 1890 672 1950 fieri
694 1906 821 1951 extorum
844 1894 1057 1961 mutationem,
1071 1904 1096 1948 u

235 1978 283 2025 aut
296 1967 361 2026 absit
383 1969 510 2056 aliquid,
535 1981 582 2033 aut
603 1966 733 2043 superfit:
753 1968 880 2029 deorum
893 1970 976 2048 euim
996 1965 1095 2033 numiui

231 2060 326 2119 parere
340 2063 445 2106 omnia.
605 2058 607 2065 ¹

192 2126 229 2199 36
273 2121 346 2179 Haec
357 2123 440 2197 jam,
461 2120 650 2190 mihicrede,
676 2137 713 2180 ne
740 2121 856 2181 aniculae
876 2122 999 2196 quidem
1020 2118 1095 2183 enui-

137 2207 141 2246 ἐ
236 2208 321 2255 mant.
360 2198 529 2268 uincentes,
550 2198 670 2257 eundem
690 2198 807 2254 vitulum
829 2197 848 2255 fi
869 2199 939 2257 alius
956 2198 1096 2274 delegerit,

236 2271 330 2332 ³0sine
342 2276 430 2348 capite
440 2276 519 2351 jecur
533 2276 708 2334 inventurum
725 2293 732 2330 ε
761 2273 779 2331 si
795 2274 884 2342 alius,
904 2292 975 2335 cum
998 2267 1096 2350 capite?

236 2349 299 2408 bac
312 2349 431 2408 decessio
445 2353 557 2427 capitis,
574 2363 621 2410 aut
635 2350 753 2409 accessio
766 2350 891 2410 subitone
914 2351 978 2411 sieri
1002 2347 1096 2482 potesta,

270 2571 307 2614 28.
324 2566 424 2612 sexcena
432 2566 482 2612 sicet
491 2568 615 2624 ejusmodi]
631 2568 681 2616 MS.
696 2563 799 2614 Voffian.
810 2566 904 2624 ejusdem
914 2569 980 2614 modi
985 2601 993 2624 ,
1006 2579 1099 2629 quomo·

236 2624 269 2674 do
281 2630 353 2675 etiam
364 2628 478 2676 Victorius
489 2642 544 2676 anre
552 2627 638 2684 edidit,
653 2642 678 2676 ut
688 2628 799 2692 loquutus
809 2630 881 2677 etiam
895 2630 1003 2679 creditur
1016 2631 1097 2678 Tulliua

236 2690 377 2753 modo⁸cap.
394 2691 488 2753 praeced.
506 2695 600 2741 Gronov.
638 2694 738 2738 Sexcenta
758 2696 807 2738 sicet
822 2693 981 2750 ejusdemmodi
997 2693 1100 2754 preferri]

234 2758 272 2801 Ira
280 2753 379 2814 quidem
394 2756 480 2803 MSSt'u
491 2752 560 2802 simul
576 2769 604 2802 ac
618 2754 675 2802 editi
691 2751 751 2803 libri.
786 2755 831 2802 Sed
846 2754 945 2817 profem
963 2757 1057 2806 mavult
1071 2753 1098 2804 tir

234 2815 381 2864 dosiiliimus
391 2815 461 2879 Joan.
475 2818 595 2874 Clericus3
611 2818 647 2865 cui
658 2813 782 2865 adsentior.
816 2819 898 2877 Daeis.

267 2895 303 2932 29.
319 2886 351 2924 vr
363 2883 379 2924 is
389 2882 429 2940 qui
442 2884 550 2940 impetrire
560 2883 636 2938 velia]
665 2880 700 2927 Sic
717 2879 860 2942 legendum,
877 2894 928 2926 nori
942 2883 1067 2944 immine,
1078 2889 1099 2928 ιι

236 2939 269 2989 eu
279 2942 302 2989 in
316 2940 379 2990 libris
390 2941 511 3007 vulgatisi
527 2956 604 3003 neque
622 2947 752 3005 impetrare,
773 2956 797 2991 ιιι
813 2939 889 3006 operar?
906 2943 949 2990 liic
968 2946 1031 2995 olim
1042 2958 1099 2994 itit·-

170 3041 171 3044 ,
235 3002 292 3052 dost
310 3003 423 3053 fecerunt.
456 3004 495 3053 Est
510 3018 590 3054 autem
611 3008 738 3066 impetrire,
758 3005 883 3068 antiquum
896 3006 1003 3056 verbum
1019 3040 1027 3064 ,
1041 3001 1098 3070 qud

233 3065 350 3130 significat
361 3071 488 3124 impetrare,
505 3067 606 3131 utsupra
623 3066 731 3116 diximus.
764 3066 860 3116 seston:
878 3074 1041 3130 lapmian»,
1061 3074 1099 3118 iu·

230 3141 347 3190 perratum.
382 3134 445 3177 cnm
457 3128 571 3192 superiora
583 3131 624 3178 illa
634 3131 694 3178 olim
704 3128 857 3193 scripsissem,
876 3131 927 3180 lioc
937 3133 989 3194 est,
1005 3129 1099 3182 mmai

233 3189 376 3239 monuissem
396 3194 521 3240 Ledorem
538 3192 650 3243 mendose
666 3194 725 3241 olim
742 3208 825 3256 operas
840 3191 925 3243 fecisse
941 3198 1097 3263 impunem

227 3256 355 3315 disperire,
370 3266 452 3304 tamen
469 3257 545 3304 homo
563 3258 687 3309 diener&
705 3257 731 3305 δι
751 3259 840 3308 drausio
855 3257 925 3306 ausus
941 3257 976 3308 esi
993 3259 1094 3313 surim

226 3328 268 3364 rue
281 3314 377 3366 edidisse
393 3323 525 3377 impetrare,
546 3321 671 3380 multaque
687 3319 745 3368 talia
761 3319 840 3378 fecit,
864 3333 951 3389 neque
970 3321 1020 3372 boo
1036 3316 1093 3372 sud
1137 3347 1142 3370 ι

227 3378 360 3434 ummifit,
376 3382 588 3442 nequeunoloco.
623 3385 724 3430 Lambini.
826 3394 828 3397 ’

256 3456 297 3507 go.
309 3444 362 3496 Sine
373 3448 440 3509 rapite
450 3447 686 3507 jerueinventurnmd
701 3449 841 3499 Pronum
853 3462 906 3499 utu
924 3446 1089 3508 Mis*
1130 3453 1142 3502 s
