2296 3908
225 58 763 225 Lrnrrn'i'rnrr'bs.·
849 134 934 214 340⁹

45 229 135 300 ratem
151 234 295 296 civitatem
315 230 410 301 fuiffe:
431 231 460 287 58
467 250 656 312 quaecumque
679 227 799 294 mutatio
811 250 943 313 morum,
956 259 1080 329 „pm

46 316 79 376 in
93 316 230 390 principes
243 310 408 380 texstiterit,
427 311 546 369 eandem
561 313 590 369 in
605 311 713 386 populo
727 311 889 370 secuturam.
934 330 988 383 arar.

88 392 179 468 quue
199 389 274 448 haud
294 387 388 463 paullo
410 386 448 445 est
467 388 583 458 verius,
611 387 698 463 quim
719 386 799 463 quod
819 388 929 449 Platoni
939 408 974 467 32

47 467 145 530 nostro
158 464 267 543 placet,
286 465 334 599 <aui
348 461 520 523 muficorum
535 464 659 523 cantibus
672 466 710 524 ait
723 463 850 534 mutatis,
866 482 932 525 mu·

51 546 106 603 tari
120 544 266 602 civitatum
312 548 380 601 atus.
418 539 481 615 Ego
494 554 588 599 autem
604 541 740 600 nobilium
755 540 811 600 virt
840 543 931 601 vidiu-

49 637 109 697 que
123 628 251 687 mutato,
271 634 365 676 mores
380 617 480 675 mutari
494 618 639 677 civitatum
655 631 734 693 puto.
775 621 845 694 Quo
866 636 933 695 per·

49 696 182 757 niciosrds
196 695 232 755 de
248 693 386 769 republica
404 702 546 753 merentur
566 694 659 753 vitiosi
679 695 830 782 principes,
849 694 930 772 qubd

49 789 114 834 non
126 772 215 831 solum
229 772 297 829 vitia
309 770 473 845 concipiunt
487 770 552 846 ipsi,
570 770 615 829 sed
630 788 662 830 ea
678 773 828 831 rnfundunt
846 772 875 830 in
891 773 932 829 ci·

50 850 188 907 vitatem:
207 866 301 942 neque
315 844 404 904 sotum
419 845 535 916 obsunt,
554 846 633 924 qubd
647 848 930 924 ipsrcorrumpuntur,

50 925 100 986 sed
114 928 197 984 etiarn
214 924 291 1001 quod
306 935 515 998 corrumpunt,
536 927 652 1001 plusque
666 924 796 999 exemplo
813 966 821 992 ,
840 924 929 999 quim

50 1016 172 1079 peccato
201 1008 317 1060 nocent.
351 999 448 1076 Atque
470 1000 533 1059 haec
553 1002 599 1059 lex
619 1001 730 1061 dilatata
749 1002 778 1060 in
800 1001 931 1060 ordinem
988 1020 1017 1039 ·-

52 1077 190 1136 cundum
205 1114 214 1146 ‚
232 1076 404 1151 coangustari
424 1076 508 1134 etiam
531 1076 628 1151 potest.
666 1078 747 1153 pauci
769 1077 870 1146 enim,
890 1089 932 1136 at·

52 1170 112 1232 que
127 1152 282 1213 admodum
297 1153 398 1226 pauci,
414 1152 525 1211 honore
538 1153 668 1229 &gloria
690 1151 865 1229 amplificati,
885 1152 932 1213 vei

54 1238 237 1306 corrumpere
252 1244 347 1287 morea
363 1228 496 1297 civitatis,
515 1230 559 1288 rei
574 1231 711 1304 corrigere
726 1226 844 1306 poffunt.
876 1230 932 1289 Sed

52 1307 120 1369 haec
134 1308 164 1366 ὃ(
177 1320 253 1364 nuuc
266 1304 344 1374 satis,
365 1305 438 1363 &in
453 1304 503 1365 illis
517 1304 589 1364 libris
609 1305 723 1365 tractata
741 1304 801 1364 sunt
816 1305 931 1381 diligen-

54 1382 119 1442 tius.
159 1385 255 1457 Quare
276 1377 312 1439 ad
334 1380 438 1459 reliqua
461 1382 616 1455 veniamus,
652 1382 816 1441 Proximum
835 1394 975 1462 autem33

53 1459 96 1519 est
109 1454 145 1518 de
157 1456 303 1534 suffragiis:
323 1474 389 1533 quae
399 1454 487 1532 jubeo
500 1469 569 1519 nota
583 1456 638 1517 effe
657 1458 835 1594 optimatibus
850 1499 860 1527 ,
878 1477 932 1535 po·
996 1528 999 1535 Ι
1020 1478 1024 1485 ·

52 1534 124 1612 pulo
136 1535 229 1594 libera.
267 1532 329 1594 Art.
347 1533 389 1592 Ita
411 1535 570 1594 mehercule
590 1548 665 1595 arten
685 1536 712 1606 i,
737 1552 792 1595 nec
810 1535 870 1595 satis
889 1538 934 1609 inf

53 1610 169 1680 teliexi,
187 1609 255 1687 quid
270 1608 319 1668 sibi
332 1610 396 1680 lex,
416 1621 463 1668 aut
476 1610 544 1689 quid
557 1611 639 1670 uerba
653 1611 699 1671 ista
713 1612 825 1672 uellent.

95 1683 163 1747 XV.
181 1689 226 1747 M.
244 1687 400 1758 Dicare,
418 1686 513 1758 Tite,
533 1690 564 1747 δι
578 1687 706 1748 versabor
720 1691 748 1747 in
764 1706 792 1746 re
804 1686 909 1747 difficili
923 1692 935 1757 ,'

45 1780 93 1825 ’ac
107 1764 229 1825 mult-um
257 1765 289 1822 dc
309 1762 381 1839 saepc
403 1763 543 1838 quaesrtaa
583 1762 707 1841 suffragia
728 1767 757 1824 in
778 1765 935 1841 magistratu

57 1841 241 1909 mandando,
261 1848 308 1898 aut
321 1858 371 1899 reo
388 1838 592 1915 rrjudicando,
611 1853 659 1901 aut
678 1841 766 1919 lege,
786 1854 834 1901 aut
853 1859 935 1901 roua·

58 1918 139 1977 tione
160 1917 322 1985 sciscenda,
342 1917 413 1974 clam
429 1957 440 1984 ,
458 1932 494 1975 an
514 1916 605 1994 palam
627 1916 724 1987 ferre,
741 1918 838 1977 melius
857 1887 965 1980 effem-
991 1916 1082 1983 xcxi,

56 1995 121 2055 nu.
141 1997 190 2051 Au
205 1995 290 2052 etiarn
304 1992 334 2052 id
348 1992 462 2051 dubium
477 1992 537 2051 est?
556 1997 595 2069 Q.
609 1994 736 2064 Vereor,
755 2012 792 2053 ne
806 1994 822 2052 i
837 2005 865 2052 te
878 2010 936 2054 rur·

58 2070 104 2132 sus
118 2065 283 2129 diffenriam.
321 2069 365 2127 M.
385 2070 452 2127 Non
467 2070 566 2139 facies,
587 2069 705 2143 Quinte.
742 2088 809 2130 nam
832 2088 888 2146 ego
904 2074 934 2131 in

58 2147 110 2207 ista
123 2146 184 2204 ium
196 2145 348 2214 sententia,
367 2142 445 2219 vqut
456 2154 486 2203 te
500 2144 577 2205 fuiffe
596 2146 703 2221 semper
722 2144 804 2217 scio,
822 2147 889 2206 nihil
904 2158 955 2211 utv
971 2161 1054 2226 inqua

60 2223 190 2357 suaritdin
205 2218 334 2359 suffiagfis
346 2236 420 2279 voce
435 2221 553 2296 melius,
568 2220 633 2294 sed,
651 2223 772 2283 obtineri
784 2241 820 2283 an
837 2220 1020 2299 postium.

59 2316 94 2371 =vr
114 2316 149 2357 eu
171 2315 220 2356 unr
273 2341 281 2358 .

102 2378 142 2447 Q.
162 2377 279 2446 Frater,
298 2371 373 2434 boni
398 2374 446 2435 tud
467 2375 549 2436 venii
569 2377 712 2446 dixerim,
731 2376 779 2436 iiia
802 2375 981 2464 sententia34

61 2451 191 2513 maximd
204 2454 234 2510 dc
250 2452 318 2512 fallit
330 2454 491 2527 imperitos,
512 2454 632 2514 &obest
652 2451 795 2528 iaepiffirnd
810 2455 939 2529 reipubli-

60 2544 109 2588 cae
128 2568 137 2597 ,
156 2526 222 2586 cum
243 2529 347 2605 aliquid
366 2546 467 2591 verum
493 2534 524 2590 δε
544 2529 650 2589 redum
670 2527 724 2589 eise
745 2531 844 2589 dicitur
864 2573 872 2600 ,
892 2529 941 2589 sed

62 2605 213 2674 obtineri,
232 2603 261 2662 id
282 2605 319 2664 est
336 2648 345 2674 ,
365 2606 454 2667 obsisti
474 2605 551 2683 poiie
571 2605 678 2682 populo
693 2648 704 2675 ,
717 2618 846 2681 negatur.
884 2608 943 2665 Pri·

63 2680 148 2742 mum
163 2682 240 2741 enim
256 2680 404 2754 obsistitur,
424 2684 489 2743 etun
504 2684 591 2758 agitur
604 2682 712 2742 severe:
733 2683 834 2742 deinde
847 2683 874 2739 vi
891 2701 944 2757 op·
1041 2752 1047 2761 Ι

65 2758 151 2834 primi
164 2760 194 2818 in
217 2758 290 2818 bona
306 2759 404 2832 causa,
423 2763 461 2822 est
481 2761 579 2821 melius
596 2802 606 2832 ,
625 2759 712 2837 quam
733 2760 816 2819 malae
835 2760 944 2818 cedere.

885 2837 948 2913 Qui

104 2980 141 3032 58.
158 2978 295 3043 Quamque
308 2980 401 3027 mutatio
416 2995 500 3030 moram
513 2979 618 3093 efficerit
631 3008 639 3037 ,
653 2979 741 3026 eandem
756 2979 781 3025 r'n
797 2977 872 3039 popuio
885 2976 948 3036 secu·

68 3046 165 3100 euram]
190 3041 255 3093 cbrn
265 3040 296 3091 de
307 3042 427 3106 preteritis
437 3047 515 3095 orario
547 3056 574 3102 t,
593 3054 689 3109 apparet
701 3039 830 3106 legendum
840 3036 887 3089 effe
904 3043 950 3097 ,ia

65 3105 145 3167 populo
156 3102 258 3165 ficuum.
292 3109 423 3157 1’,Manut.

106 3182 143 3222 59.
161 3166 302 3226 Jndicando,
317 3172 371 3232 φαίη
381 3172 405 3216 in
418 3172 437 3216 le
450 3176 481 3230 e]
510 3173 538 3218 in
553 3168 625 3220 verbo
644 3172 698 3227 quin
708 3165 822 3218 mendum
833 3164 879 3215 effe
888 3180 949 3214 con·

71 3224 133 3286 stau
150 3245 228 3296 neque
243 3232 327 3281 vetusti
344 3232 397 3283 libri
415 3186 552 3298 digsctepanr.
583 3232 646 3283 forte
663 3236 755 3295 itemque
763 3229 892 3295 legendum
910 3227 950 3276 fit.

71 3296 101 3339 P.
116 3296 204 3344 Manat.
238 3304 293 3343 „Aut
304 3312 337 3343 reo
349 3298 484 3357 judicando,
500 3310 538 3344 aur
549 3299 591 3359 iege
601 3309 641 3343 aut
655 3302 761 3357 rogatione
771 3292 879 3356 fuscanda?
894 3291 952 3337 clam

72 3368 104 3401 aa
113 3358 188 3418 palam
196 3357 245 3418 fere*
255 3361 332 3407 metius
341 3360 406 3420 effen]
423 3361 459 3409 sic
471 3359 603 3415 Victorius,
621 3356 786 3421 absquedubio
798 3370 828 3404 ert
840 3351 952 3404 mffivul·

93 3415 103 3429 Χ

93 3429 117 3466 ο.
136 3426 190 3468 uiue
200 3423 226 3467 de
240 3440 273 3469 m
283 3424 421 3480 judicando,
434 3426 489 3481 quin
503 3426 527 3470 r'n
538 3426 579 3486 iege
589 3435 629 3473 aut
644 3424 750 3484 rogatione
765 3424 822 3468 ciam
839 3436 867 3465 aa
877 3416 954 3479 palam

67 3427 141 3548 ΞΜ·
155 3486 187 3535 Et
198 3480 247 3543 Ῑΰῐὲ
259 3487 326 3542 nulia
336 3485 369 3543 cst
381 3486 470 3543 editio,
487 3500 538 3550 quae
550 3502 600 3536 non
610 3485 719 3543 varietin
731 3485 779 3542 boc
789 3483 854 3537 loco.
872 3480 939 3526 Geta.

313 3566 317 3571 '
448 3553 657 3606 ruricurte
854 3553 893 3597 ⁶0.
908 3550 956 3595 Ex»
