2296 3908
205 107 287 173 3¹52
369 87 444 153 Dn
487 86 930 155 Dtvruattone

163 229 197 288 71
246 197 344 273 ltaque
359 196 509 272 ¹¹erposrtis
532 199 664 272 exemplis
699 214 826 255 verarum
850 197 1088 263 vaticinationum
1107 262 1113 277 f

58 308 76 345 rr
90 291 139 344 exi
156 289 185 341 fis
211 274 427 337 &somniorum
443 275 586 350 Cratippus
606 275 674 335 iolet
689 276 825 333 rationem
841 273 1015 345 concludere
1030 277 1086 335 hoc

57 355 161 420 exemp*
211 351 310 411 modo.
350 352 377 409 Si
399 350 454 410 fine
476 352 562 411 oculis
584 369 642 410 non
663 352 750 427 potest
775 350 878 409 callare
898 350 1029 409 officium
1056 354 1086 413 δι

58 420 131 471 ⁸¹5⁸·
211 445 312 487 munus
326 427 492 496 oculorum;
513 425 622 503 possunt
638 441 731 486 autem
754 427 903 502 aliquando
926 427 1004 486 oculi
1024 446 1084 488 nou

211 505 289 580 fungi
302 504 351 563 suo
367 522 482 563 munere
498 524 505 562 :
526 506 575 580 qui¹
590 504 635 562 vel
649 503 732 562 semel
745 505 783 562 ita
799 502 835 561 est
853 502 912 560 usus
927 505 1036 574 oculis,
1055 516 1084 563 ut

210 597 275 639 vera
291 595 432 648 cerneret;
454 581 475 638 is
487 581 569 639 habet
582 579 686 639 sensum
709 579 856 638 oculorum
876 596 941 637 vera
966 597 1082 641 cernen-

209 657 289 717 tium.
329 657 400 716 Item
424 659 529 733 igitur,
563 655 653 717 filine
682 657 851 716 divinatione
875 654 972 713 ¹§non
995 654 1082 731 potest

209 734 334 792 officium
354 736 383 795 δι
409 751 510 792 munus
532 734 707 793 divinationis
729 732 854 801 exstare,
882 731 974 806 potest
987 745 1080 792 autem

108 872 116 887 ο
157 871 164 888 ,
209 813 288 884 quis,
308 809 371 869 clun
386 811 587 869 divinationem
604 810 718 878 habeat,
738 826 825 867 errare
839 808 1009 883 aliquando,
1029 825 1081 869 nec

207 902 275 943 vera
289 904 400 945 cernere
416 905 423 944 r
444 887 503 945 satis
516 886 554 945 est
567 885 602 944 ad
615 883 835 944 confirmandam
857 883 1080 954 divinationem,

207 961 293 1020 semel
305 962 406 1038 aliquid
420 961 474 1020 efle
486 964 523 1020 ita
538 963 693 1023 divinatum
709 1003 718 1029 ‚
738 972 768 1019 ut
787 960 856 1019 nibil
875 960 994 1019 fortuito
1012 963 1081 1020 ceci-

207 1034 273 1095 diffe
288 1039 419 1099 videatur.
458 1039 526 1096 Sunt
539 1049 632 1097 autem
649 1040 706 1111 ejus
727 1039 833 1111 generis
854 1036 1079 1097 innumerabilia:

210 1109 264 1171 effe
279 1114 359 1187 igitur
374 1115 573 1173 divinationem
591 1113 782 1173 confitendum
798 1112 846 1171 est.

164 1225 200 1282 72
248 1189 382 1249 XXXlll.
401 1192 491 1264 Qun
514 1189 612 1249 vnnb
632 1202 679 1248 aut
699 1185 859 1265 conjectura
886 1184 1079 1264 eiplicantut,

211 1278 258 1323 aut
273 1267 401 1336 eventis,
420 1265 606 1326 animadversa
645 1267 676 1325 ὅ(
707 1277 803 1325 notata
821 1266 907 1334 sunt,
927 1282 960 1339 qa
981 1284 1081 1341 genera

209 1341 370 1412 divinandi,
389 1342 509 1417 utsupra
527 1342 582 1401 dixi
601 1384 609 1411 ,
628 1360 688 1402 non
701 1343 852 1412 naturalia,
870 1339 916 1399 sed
940 1340 1080 1402 artificiola

210 1417 347 1477 dicuntur.
387 1419 415 1477 in
430 1437 489 1494 quo
509 1418 684 1494 haruspices,
703 1435 818 1493 augures
851 1414 1082 1495 conjerstoresquo

210 1507 397 1553 numerantur.
436 1497 509 1553 Haec
523 1495 712 1569 improbantur
724 1493 740 1551 a
755 1494 940 1568 Peripateticis
947 1515 958 1561 ς
978 1486 1080 1555 {Stoi-

210 1571 248 1629 cis
269 1572 461 1630 defenduntur.
502 1574 632 1647 Quorum
662 1572 711 1628 alia
734 1569 795 1639 sunt
814 1568 902 1645 pofita
925 1562 953 1627 in
978 1588 1079 1643 monu-

209 1648 309 1705 mentis
335 1649 364 1707 &
398 1647 556 1721 disciplina:
577 1644 656 1721 quod
682 1645 859 1715 Eutvscorum
882 1643 1025 1721 declarant
1050 1648 1080 1721 ὃς

209 1721 395 1798 haruspicini,
418 1735 443 1776 ¹7
453 1727 482 1782 ὅ(
496 1723 657 1798 fulgurales,
680 1722 831 1791 &rituales
853 1720 916 1787 libri
929 1764 943 1797 ,Ι
962 1721 1078 1785 ¹-8n0st1i

61 1827 80 1864 ο
95 1815 160 1864 &22
212 1799 296 1857 etiam
319 1798 457 1874 augurales
473 1819 480 1859 ε
516 1800 568 1859 alia
582 1812 674 1857 autern
691 1796 778 1868 subito
793 1810 851 1857 ⁰ex
865 1811 1078 1873 temporetorn

61 1886 135 1951 remp,
149 1879 202 1940 conj.
208 1873 314 1949 jedlurai
329 1875 512 1948 explicantur,
534 1888 564 1934 ut
579 1875 651 1949 apud
665 1876 826 1946 Homerum
841 1873 978 1943 Calchan,
990 1876 1077 1952 quiex

61 1941 144 2002 ΜΨ·
211 1947 344 2026 pafferum
360 1968 479 2011 numero
493 1951 556 2010 belli
569 1951 688 2025 Troiani
700 1968 788 2019 annos
808 1965 962 2025 auguratus.
972 1952 1031 2012 est:
1050 1953 1077 2011 δι

213 2036 240 2083 ¹9
248 2039 278 2086 ut
294 2028 324 2086 in
337 2026 417 2087 Sullae
437 2028 565 2104 scriptum
585 2027 694 2087 historia
715 2027 867 2096 videmus,
893 2028 975 2102 quod
996 2040 1025 2087 te
1037 2030 1077 2087 in·

957 2104 1077 2180 speivan

244 2290 281 2341 16.
299 2284 516 2347 Nrnpmstofficium
528 2284 553 2336 dr
566 2300 643 2330 munus
654 2284 821 2339 divinationis]
839 2282 901 2346 Vulg
946 2285 974 2338 ab*
989 2285 1078 2347 ψόαι

211 2345 238 2397 ὁ*
249 2363 340 2403 munus,
355 2361 384 2397 co
400 2348 465 2395 ulam
477 2361 533 2396 vero
544 2362 587 2395 nos
598 2343 720 2395 omifimus
728 2348 802 2394 MSSci
812 2347 883 2410 Regii
913 2345 945 2407 de,
956 2348 1022 2415 nixij
1038 2348 1078 2407 sud·

213 2407 341 2467 peccabat
352 2411 360 2457 i
390 2425 414 2457 ra
425 2409 502 2460 lib.11.
519 2425 569 2471 cap
581 2426 616 2464 52.
650 2412 730 2469 Daurfi

247 2485 283 2527 17.
298 2472 452 2543 &fulgurales
463 2475 489 2524 dr
501 2476 590 2519 rituales
607 2476 678 2529 libri]
707 2478 755 2520 Aut
767 2472 849 2520 omnia
860 2486 900 2521 me
912 2471 1023 2533 fallunt,
1037 2485 1074 2525 aut

211 2529 422 2595 restituendum'est
433 2534 480 2593 fide
491 2537 537 2582 tal.
550 2533 592 2582 sec.
608 2536 634 2585 (φ
646 2537 776 2582 tonitruales.
794 2534 849 2584 laub
861 2539 955 2584 rituales
965 2538 1018 2587 heic
1028 2538 1076 2603 pli·

211 2592 244 2702 ἓὲ
260 2594 312 2644 sunt
328 2598 400 2661 inepti
413 2614 421 2655 3
444 2598 468 2646 bc
484 2597 590 2660 alioquin
606 2595 638 2646 est
653 2598 678 2646 in
701 2598 746 2647 val.
762 2611 815 2647 retr.
833 2613 861 2647 ac
876 2613 957 2661 quart.
972 2604 1076 2652 trisulca.

236 2670 305 2706 tuter.

247 2727 280 2770 18.
298 2721 371 2780 Nostri
379 2735 442 2769 arram
452 2723 581 2784 augurales]
595 2720 662 2780 Vestri
671 2720 703 2769 est
715 2722 739 2769 irr
749 2725 908 2786 manulctipro
920 2758 928 2778 ,
943 2727 968 2775 bc
980 2725 1015 2777 ita
1026 2724 1075 2776 scri·

212 2778 316 2837 bendum
328 2783 373 2840 est,
391 2799 415 2832 uc
430 2785 460 2833 ad
472 2786 592 2839 ciceronis
609 2798 745 2848 auguratum
759 2786 879 2835 referarur.
895 2789 971 2847 vrfor.
1005 2789 1074 2849 Nostri

212 2847 277 2891 etiam
289 2852 419 2907 augurales]
435 2853 492 2905 lion
505 2859 572 2895 vacat
582 2847 645 2897 retro
656 2848 747 2911 legere,
763 2851 805 2911 qui
819 2851 952 2912 loquatur:
968 2849 1010 2913 sed
1024 2865 1074 2901 mo·

212 2906 303 2957 nendos
315 2909 407 2965 rector,
425 2910 480 2961 Pall.
492 2912 609 2958 omnes&
624 2911 772 2958 virhoeanom
789 2911 878 2961 servate
889 2912 964 2971 veJlrr'.
1000 2926 1072 2979 neque
1102 2954 1105 2961 .

211 2972 334 3020 temeraria
345 2970 378 3020 est
388 2972 441 3021 talis
452 2973 600 3036 conspiratio.
616 2977 703 3021 Gruter.
726 2978 805 3021 tranet
821 2975 949 3037 ignorabat
959 2976 1008 3025 boc
1014 2980 1073 3025 Gru·
1102 2984 1106 2995 “

209 3044 271 3082 tetus
281 3034 351 3096 primi
362 3033 392 3082 de
404 3035 557 3083 Divinatione
571 3033 623 3081 libri
639 3033 771 3083 sermonem
787 3037 930 3085 continuum
949 3038 1074 3101 procudere

209 3093 250 3145 sub
267 3094 364 3158 persona
380 3099 480 3209 (fflmi’
500 3111 600 3159 eumque
616 3097 706 3160 alloqui
719 3093 815 3149 fratrem
826 3103 937 3151 Marcum
947 3102 1071 3163 augurum!
1100 3114 1104 3163 ξ

209 3159 272 3206 Hinc
283 3173 333 3219 cap.
340 3175 376 3217 4¹·
411 3160 415 3170 “
434 3161 453 3208 it
461 3166 517 3223 qud
527 3178 564 3208 uos
581 3174 677 3220 augures
689 3166 748 3208 nonas
758 3163 857 3221 solebant
864 3162 945 3221 facere.
976 3169 1007 3213 lit
1023 3176 1070 3229 cap.

210 3234 247 3277 ¹7·
265 3221 424 3280 Liruusvessaer.
440 3225 502 3270 Hinc
513 3223 540 3271 ri
553 3223 617 3281 t'aestn'
627 3224 764 3271 Tullianum
775 3225 853 3275 credo.
884 3228 984 3279 Gronov.

218 3341 224 3352 .
240 3297 274 3336 19.
291 3289 323 3328 'lla
337 3300 357 3328 ¹rt
366 3285 538 3345 Sullaescrt'ptum
549 3287 636 3344 lastaria
646 3288 743 3333 videmus
756 3289 800 3338 iac.
815 3302 838 3333 ut
848 3305 896 3336 tum
906 3293 946 3337 ille
958 3293 1019 3350 m]
1030 3292 1070 3339 rt·

206 3342 282 3393 liciter
292 3344 354 3393 hunc
364 3345 443 3395 locum
454 3348 631 3397 emendavimus
642 3349 793 3410 praeuntibus
805 3347 869 3399 libris
880 3351 935 3401 mss.
943 3350 1003 3411 sex,
1016 3364 1069 3415 qut·

207 3417 262 3457 tuot
272 3408 329 3460 Ball.
341 3408 400 3461 item
411 3409 568 3466 richoinus&
580 3417 603 3478 s,
610 3412 719 3467 vilioris.
733 3412 849 3464 babiensis
856 3412 919 3466 fulb
929 3414 1036 3483 lectum,
1047 3422 1072 3489 ρ
1106 3436 1117 3485 p

611 3510 614 3515 >
1048 3491 1070 3527 r·

1112 3492 1117 3529 l

1109 3560 1115 3595 i

1109 3606 1112 3631 v

1106 3636 1112 3667 l

1107 3670 1111 3707 l

1102 3712 1110 3745 l

1106 3792 1122 3845 xv
