<?xml version="1.0" encoding="UTF-8"?>
<!DOCTYPE html PUBLIC "-//W3C//DTD XHTML 1.0 Transitional//EN"
    "http://www.w3.org/TR/xhtml1/DTD/xhtml1-transitional.dtd">
<html xmlns="http://www.w3.org/1999/xhtml" xml:lang="en" lang="en">
 <head>
  <title>
</title>
<meta http-equiv="Content-Type" content="text/html;charset=utf-8" />
  <meta name='ocr-system' content='tesseract 3.04.00' />
  <meta name='ocr-capabilities' content='ocr_page ocr_carea ocr_par ocr_line ocrx_word'/>
</head>
<body>
  <div class='ocr_page' id='page_1' title='image "./marcitulliicice11pedigoog_0289.png"; bbox 0 0 2296 3908; ppageno 0'>
   <div class='ocr_carea' id='block_1_1' title="bbox 214 107 913 202">
    <p class='ocr_par' dir='ltr' id='par_1_1' title="bbox 214 107 913 202">
     <span class='ocr_line' id='line_1_1' title="bbox 214 107 913 202; baseline -0.007 -25"><span class='ocrx_word' id='word_1_1' title='bbox 214 135 295 202; x_wconf 81' lang='lat'>3154</span> <span class='ocrx_word' id='word_1_2' title='bbox 360 107 913 177; x_wconf 65' lang='lat' dir='ltr'>DeDrvrunrtrouc</span> 
     </span>
    </p>
   </div>
   <div class='ocr_carea' id='block_1_2' title="bbox 51 205 1085 1303">
    <p class='ocr_par' dir='ltr' id='par_1_2' title="bbox 63 205 1072 326">
     <span class='ocr_line' id='line_1_2' title="bbox 63 205 1072 326; baseline -0.006 -36"><span class='ocrx_word' id='word_1_3' title='bbox 63 205 180 326; x_wconf 33' lang='grc' dir='ltr'>,τᾶξω</span> <span class='ocrx_word' id='word_1_4' title='bbox 211 230 255 291; x_wconf 89' lang='lat' dir='ltr'>illa</span> <span class='ocrx_word' id='word_1_5' title='bbox 271 228 343 289; x_wconf 72' lang='lat' dir='ltr'>vista</span> <span class='ocrx_word' id='word_1_6' title='bbox 357 227 432 287; x_wconf 84' lang='lat' dir='ltr'>silere</span> <span class='ocrx_word' id='word_1_7' title='bbox 444 225 545 293; x_wconf 62' lang='lat' dir='ltr'>*solen</span> <span class='ocrx_word' id='word_1_8' title='bbox 566 222 721 311; x_wconf 37' lang='lat' dir='ltr'>canere,·sr</span> <span class='ocrx_word' id='word_1_9' title='bbox 736 225 848 312; x_wconf 86' lang='lat' dir='ltr'>vicisset.</span> <span class='ocrx_word' id='word_1_10' title='bbox 1056 308 1072 322; x_wconf 91' lang='lat'>..</span> 
     </span>
    </p>

    <p class='ocr_par' dir='ltr' id='par_1_3' title="bbox 51 300 1085 980">
     <span class='ocr_line' id='line_1_3' title="bbox 51 300 1085 459; baseline 0.001 -17"><span class='ocrx_word' id='word_1_11' title='bbox 51 356 64 363; x_wconf 82' lang='lat'>·</span> <span class='ocrx_word' id='word_1_12' title='bbox 167 300 1085 459; x_wconf 53' lang='lat' dir='ltr'>⁷⁵sistunt?{sistatthtstttt,ss²⁶tlnts⁰¹t</span> 
     </span>
     <span class='ocr_line' id='line_1_4' title="bbox 210 453 1080 535; baseline -0.001 -16"><span class='ocrx_word' id='word_1_13' title='bbox 210 459 369 535; x_wconf 82' lang='lat' dir='ltr'>Lysandri,</span> <span class='ocrx_word' id='word_1_14' title='bbox 408 458 456 532; x_wconf 89' lang='lat' dir='ltr'>qui</span> <span class='ocrx_word' id='word_1_15' title='bbox 478 453 762 511; x_wconf 76' lang='lat' dir='ltr'>Lacedaemoniorum</span> <span class='ocrx_word' id='word_1_16' title='bbox 786 454 945 515; x_wconf 83' lang='lat' dir='ltr'>clarissimus</span> <span class='ocrx_word' id='word_1_17' title='bbox 968 461 1080 530; x_wconf 84' lang='lat' dir='ltr'>fuerat,</span> 
     </span>
     <span class='ocr_line' id='line_1_5' title="bbox 209 529 1081 609; baseline -0.001 -14"><span class='ocrx_word' id='word_1_18' title='bbox 209 537 323 603; x_wconf 83' lang='lat' dir='ltr'>slatuae,</span> <span class='ocrx_word' id='word_1_19' title='bbox 341 551 405 609; x_wconf 86' lang='lat' dir='ltr'>quae</span> <span class='ocrx_word' id='word_1_20' title='bbox 420 531 533 606; x_wconf 86' lang='lat' dir='ltr'>Delphis</span> <span class='ocrx_word' id='word_1_21' title='bbox 545 529 643 597; x_wconf 83' lang='lat' dir='ltr'>tiabat,</span> <span class='ocrx_word' id='word_1_22' title='bbox 663 530 692 586; x_wconf 86' lang='lat' dir='ltr'>in</span> <span class='ocrx_word' id='word_1_23' title='bbox 707 531 797 604; x_wconf 89' lang='lat' dir='ltr'>capite</span> <span class='ocrx_word' id='word_1_24' title='bbox 810 548 915 591; x_wconf 87' lang='lat' dir='ltr'>corona</span> <span class='ocrx_word' id='word_1_25' title='bbox 930 531 1022 593; x_wconf 80' lang='lat' dir='ltr'>subito</span> <span class='ocrx_word' id='word_1_26' title='bbox 1036 553 1081 594; x_wconf 83' lang='lat' dir='ltr'>ex·</span> 
     </span>
     <span class='ocr_line' id='line_1_6' title="bbox 209 605 1078 685; baseline -0.001 -14"><span class='ocrx_word' id='word_1_27' title='bbox 209 613 274 672; x_wconf 88' lang='lat' dir='ltr'>stitit</span> <span class='ocrx_word' id='word_1_28' title='bbox 288 630 322 669; x_wconf 84' lang='lat' dir='ltr'>ex</span> <span class='ocrx_word' id='word_1_29' title='bbox 335 610 430 685; x_wconf 88' lang='lat' dir='ltr'>asperis</span> <span class='ocrx_word' id='word_1_30' title='bbox 443 608 531 665; x_wconf 89' lang='lat' dir='ltr'>herbis</span> <span class='ocrx_word' id='word_1_31' title='bbox 546 608 575 664; x_wconf 74' lang='grc' dir='ltr'>ὅ(</span> <span class='ocrx_word' id='word_1_32' title='bbox 590 605 748 680; x_wconf 86' lang='lat' dir='ltr'>agrestibus:</span> <span class='ocrx_word' id='word_1_33' title='bbox 769 607 945 684; x_wconf 71' lang='lat' dir='ltr'>ustellaeque</span> <span class='ocrx_word' id='word_1_34' title='bbox 971 628 1078 681; x_wconf 86' lang='lat' dir='ltr'>aureae,</span> 
     </span>
     <span class='ocr_line' id='line_1_7' title="bbox 210 681 1078 766; baseline -0.001 -19"><span class='ocrx_word' id='word_1_35' title='bbox 210 706 275 766; x_wconf 88' lang='lat' dir='ltr'>quae</span> <span class='ocrx_word' id='word_1_36' title='bbox 290 686 404 761; x_wconf 84' lang='lat' dir='ltr'>Delphis</span> <span class='ocrx_word' id='word_1_37' title='bbox 418 699 493 742; x_wconf 88' lang='lat' dir='ltr'>erant</span> <span class='ocrx_word' id='word_1_38' title='bbox 513 681 530 741; x_wconf 68' lang='lat' dir='ltr'>a</span> <span class='ocrx_word' id='word_1_39' title='bbox 552 681 774 740; x_wconf 83' lang='lat' dir='ltr'>Lacedaemoniis</span> <span class='ocrx_word' id='word_1_40' title='bbox 794 682 891 756; x_wconf 83' lang='lat' dir='ltr'>posrtae</span> <span class='ocrx_word' id='word_1_41' title='bbox 912 684 975 759; x_wconf 83' lang='lat' dir='ltr'>poll</span> <span class='ocrx_word' id='word_1_42' title='bbox 996 705 1078 746; x_wconf 82' lang='lat' dir='ltr'>nava-</span> 
     </span>
     <span class='ocr_line' id='line_1_8' title="bbox 209 757 1079 833; baseline -0.001 -9"><span class='ocrx_word' id='word_1_43' title='bbox 209 766 266 824; x_wconf 88' lang='lat' dir='ltr'>lem</span> <span class='ocrx_word' id='word_1_44' title='bbox 280 763 354 822; x_wconf 89' lang='lat' dir='ltr'>illarn</span> <span class='ocrx_word' id='word_1_45' title='bbox 368 760 513 820; x_wconf 65' lang='lat' dir='ltr'>sictonam</span> <span class='ocrx_word' id='word_1_46' title='bbox 528 757 660 833; x_wconf 82' lang='lat' dir='ltr'>Lysandri</span> <span class='ocrx_word' id='word_1_47' title='bbox 676 799 685 825; x_wconf 95' lang='lat'>,</span> <span class='ocrx_word' id='word_1_48' title='bbox 712 775 765 832; x_wconf 86' lang='lat' dir='ltr'>qua</span> <span class='ocrx_word' id='word_1_49' title='bbox 782 759 965 818; x_wconf 84' lang='lat' dir='ltr'>Athenienses</span> <span class='ocrx_word' id='word_1_50' title='bbox 985 765 1079 823; x_wconf 89' lang='lat' dir='ltr'>conci·</span> 
     </span>
     <span class='ocr_line' id='line_1_9' title="bbox 210 834 1076 966; baseline 0 -67"><span class='ocrx_word' id='word_1_51' title='bbox 210 841 333 909; x_wconf 90' lang='lat' dir='ltr'>derunt,</span> <span class='ocrx_word' id='word_1_52' title='bbox 355 844 458 913; x_wconf 81' lang='lat' dir='ltr'>(²²qua</span> <span class='ocrx_word' id='word_1_53' title='bbox 480 836 509 893; x_wconf 93' lang='lat' dir='ltr'>in</span> <span class='ocrx_word' id='word_1_54' title='bbox 529 850 620 908; x_wconf 88' lang='lat' dir='ltr'>pugna</span> <span class='ocrx_word' id='word_1_55' title='bbox 636 834 703 966; x_wconf 56' lang='lat' dir='ltr'>&#39;lma</span> <span class='ocrx_word' id='word_1_56' title='bbox 725 834 821 920; x_wconf 70' lang='lat' dir='ltr'>Castor</span> <span class='ocrx_word' id='word_1_57' title='bbox 843 838 872 894; x_wconf 87' lang='lat'>&amp;</span> <span class='ocrx_word' id='word_1_58' title='bbox 894 836 993 896; x_wconf 82' lang='lat' dir='ltr'>Pollux</span> <span class='ocrx_word' id='word_1_59' title='bbox 1014 857 1076 899; x_wconf 88' lang='lat' dir='ltr'>curu</span> 
     </span>
     <span class='ocr_line' id='line_1_10' title="bbox 209 906 1075 980; baseline 0 -4"><span class='ocrx_word' id='word_1_60' title='bbox 209 914 493 976; x_wconf 77' lang='lat' dir='ltr'>Lacedaemoniorum</span> <span class='ocrx_word' id='word_1_61' title='bbox 515 907 594 968; x_wconf 84' lang='lat' dir='ltr'>classe</span> <span class='ocrx_word' id='word_1_62' title='bbox 614 926 664 967; x_wconf 85' lang='lat' dir='ltr'>vit</span> <span class='ocrx_word' id='word_1_63' title='bbox 684 906 737 967; x_wconf 85' lang='lat' dir='ltr'>else</span> <span class='ocrx_word' id='word_1_64' title='bbox 764 910 950 980; x_wconf 85' lang='lat' dir='ltr'>dicebantur,</span> <span class='ocrx_word' id='word_1_65' title='bbox 977 932 1075 977; x_wconf 89' lang='lat' dir='ltr'>eorum</span> 
     </span>
    </p>

    <p class='ocr_par' dir='ltr' id='par_1_4' title="bbox 149 985 1076 1222">
     <span class='ocr_line' id='line_1_11' title="bbox 149 985 1076 1067; baseline -0.005 -16"><span class='ocrx_word' id='word_1_66' title='bbox 149 988 153 999; x_wconf 90' lang='grc'><strong>’</strong></span> <span class='ocrx_word' id='word_1_67' title='bbox 210 992 322 1067; x_wconf 83' lang='lat' dir='ltr'>infignia</span> <span class='ocrx_word' id='word_1_68' title='bbox 337 994 473 1055; x_wconf 89' lang='lat' dir='ltr'>deorum,</span> <span class='ocrx_word' id='word_1_69' title='bbox 492 985 573 1044; x_wconf 86' lang='lat' dir='ltr'>slellae</span> <span class='ocrx_word' id='word_1_70' title='bbox 587 1002 696 1053; x_wconf 83' lang='lat' dir='ltr'>aureae,</span> <span class='ocrx_word' id='word_1_71' title='bbox 715 1004 781 1060; x_wconf 90' lang='lat' dir='ltr'>quas</span> <span class='ocrx_word' id='word_1_72' title='bbox 795 987 849 1045; x_wconf 84' lang='lat' dir='ltr'>dixi</span> <span class='ocrx_word' id='word_1_73' title='bbox 866 1031 875 1056; x_wconf 95' lang='lat'>,</span> <span class='ocrx_word' id='word_1_74' title='bbox 895 988 1014 1063; x_wconf 87' lang='lat' dir='ltr'>Delphis</span> <span class='ocrx_word' id='word_1_75' title='bbox 1028 1009 1076 1066; x_wconf 89' lang='lat' dir='ltr'>po·</span> 
     </span>
     <span class='ocr_line' id='line_1_12' title="bbox 209 1061 1076 1143; baseline -0.001 -15"><span class='ocrx_word' id='word_1_76' title='bbox 209 1068 280 1139; x_wconf 85' lang='lat' dir='ltr'>fitae)</span> <span class='ocrx_word' id='word_1_77' title='bbox 298 1068 390 1143; x_wconf 91' lang='lat' dir='ltr'>paullo</span> <span class='ocrx_word' id='word_1_78' title='bbox 404 1078 468 1123; x_wconf 88' lang='lat' dir='ltr'>ante</span> <span class='ocrx_word' id='word_1_79' title='bbox 489 1061 664 1121; x_wconf 73' lang='lat' dir='ltr'>Leuctricam</span> <span class='ocrx_word' id='word_1_80' title='bbox 685 1079 806 1138; x_wconf 88' lang='lat' dir='ltr'>pugnam</span> <span class='ocrx_word' id='word_1_81' title='bbox 828 1063 1011 1137; x_wconf 88' lang='lat' dir='ltr'>deciderunt,</span> <span class='ocrx_word' id='word_1_82' title='bbox 1031 1085 1076 1127; x_wconf 87' lang='lat' dir='ltr'>ne·</span> 
     </span>
     <span class='ocr_line' id='line_1_13' title="bbox 207 1141 475 1222; baseline -0.019 -20"><span class='ocrx_word' id='word_1_83' title='bbox 207 1163 263 1222; x_wconf 90' lang='lat' dir='ltr'>que</span> <span class='ocrx_word' id='word_1_84' title='bbox 276 1156 391 1217; x_wconf 85' lang='lat' dir='ltr'>repertae</span> <span class='ocrx_word' id='word_1_85' title='bbox 405 1141 475 1199; x_wconf 89' lang='lat' dir='ltr'>sunt.</span> 
     </span>
    </p>

    <p class='ocr_par' dir='ltr' id='par_1_5' title="bbox 165 1214 1073 1303">
     <span class='ocr_line' id='line_1_14' title="bbox 165 1214 1073 1303; baseline 0 -26"><span class='ocrx_word' id='word_1_86' title='bbox 165 1230 201 1303; x_wconf 78' lang='lat'>76</span> <span class='ocrx_word' id='word_1_87' title='bbox 248 1222 405 1277; x_wconf 82' lang='lat' dir='ltr'>Maximum</span> <span class='ocrx_word' id='word_1_88' title='bbox 423 1215 491 1274; x_wconf 76' lang='lat' dir='ltr'>vero</span> <span class='ocrx_word' id='word_1_89' title='bbox 505 1215 570 1274; x_wconf 90' lang='lat' dir='ltr'>illud</span> <span class='ocrx_word' id='word_1_90' title='bbox 586 1226 746 1290; x_wconf 83' lang='lat' dir='ltr'>portentum</span> <span class='ocrx_word' id='word_1_91' title='bbox 760 1215 856 1273; x_wconf 91' lang='lat' dir='ltr'>iisdem</span> <span class='ocrx_word' id='word_1_92' title='bbox 866 1214 1008 1292; x_wconf 84' lang='lat' dir='ltr'>Spartiatis</span> <span class='ocrx_word' id='word_1_93' title='bbox 1016 1220 1073 1289; x_wconf 88' lang='lat' dir='ltr'>suit,</span> 
     </span>
    </p>
   </div>
   <div class='ocr_carea' id='block_1_3' title="bbox 209 1290 1084 1374">
    <p class='ocr_par' dir='ltr' id='par_1_6' title="bbox 209 1290 1084 1374">
     <span class='ocr_line' id='line_1_15' title="bbox 209 1290 1084 1374; baseline 0 -19"><span class='ocrx_word' id='word_1_94' title='bbox 209 1296 303 1374; x_wconf 79' lang='lat' dir='ltr'>quod,</span> <span class='ocrx_word' id='word_1_95' title='bbox 324 1295 385 1354; x_wconf 77' lang='lat' dir='ltr'>curn</span> <span class='ocrx_word' id='word_1_96' title='bbox 402 1291 544 1352; x_wconf 88' lang='lat' dir='ltr'>oraculum</span> <span class='ocrx_word' id='word_1_97' title='bbox 558 1292 592 1349; x_wconf 86' lang='lat' dir='ltr'>ab</span> <span class='ocrx_word' id='word_1_98' title='bbox 605 1292 676 1365; x_wconf 88' lang='lat' dir='ltr'>Jove</span> <span class='ocrx_word' id='word_1_99' title='bbox 692 1290 845 1350; x_wconf 84' lang='lat' dir='ltr'>Dodonaeo</span> <span class='ocrx_word' id='word_1_100' title='bbox 859 1290 1084 1366; x_wconf 85' lang='lat' dir='ltr'>petivissent,de&#39;</span> 
     </span>
    </p>
   </div>
   <div class='ocr_carea' id='block_1_4' title="bbox 209 1366 1076 1443">
    <p class='ocr_par' dir='ltr' id='par_1_7' title="bbox 209 1366 1076 1443">
     <span class='ocr_line' id='line_1_16' title="bbox 209 1366 1076 1443; baseline -0.003 -10"><span class='ocrx_word' id='word_1_101' title='bbox 209 1374 323 1433; x_wconf 75' lang='lat' dir='ltr'>vistoria</span> <span class='ocrx_word' id='word_1_102' title='bbox 337 1370 512 1438; x_wconf 83' lang='lat' dir='ltr'>sciscitantes,</span> <span class='ocrx_word' id='word_1_103' title='bbox 532 1369 667 1443; x_wconf 84' lang='lat' dir='ltr'>legatique</span> <span class='ocrx_word' id='word_1_104' title='bbox 681 1366 765 1437; x_wconf 91' lang='lat' dir='ltr'>illud,</span> <span class='ocrx_word' id='word_1_105' title='bbox 784 1369 813 1426; x_wconf 91' lang='lat' dir='ltr'>in</span> <span class='ocrx_word' id='word_1_106' title='bbox 827 1385 885 1443; x_wconf 89' lang='lat' dir='ltr'>quo</span> <span class='ocrx_word' id='word_1_107' title='bbox 900 1369 1013 1430; x_wconf 88' lang='lat' dir='ltr'>inerant</span> <span class='ocrx_word' id='word_1_108' title='bbox 1022 1372 1076 1431; x_wconf 90' lang='lat' dir='ltr'>sor·</span> 
     </span>
    </p>
   </div>
   <div class='ocr_carea' id='block_1_5' title="bbox 209 1443 1082 1519">
    <p class='ocr_par' dir='ltr' id='par_1_8' title="bbox 209 1443 1082 1519">
     <span class='ocr_line' id='line_1_17' title="bbox 209 1443 1082 1519; baseline 0.002 -9"><span class='ocrx_word' id='word_1_109' title='bbox 209 1463 274 1518; x_wconf 82' lang='lat' dir='ltr'>tes,</span> <span class='ocrx_word' id='word_1_110' title='bbox 287 1443 516 1512; x_wconf 86' lang='lat' dir='ltr'>collocavissent,</span> <span class='ocrx_word' id='word_1_111' title='bbox 543 1443 642 1511; x_wconf 82' lang='lat' dir='ltr'>simia,</span> <span class='ocrx_word' id='word_1_112' title='bbox 669 1461 753 1519; x_wconf 87' lang='lat' dir='ltr'>quarn</span> <span class='ocrx_word' id='word_1_113' title='bbox 773 1462 820 1501; x_wconf 85' lang='lat' dir='ltr'>rex</span> <span class='ocrx_word' id='word_1_114' title='bbox 842 1443 1033 1505; x_wconf 80' lang='lat' dir='ltr'>Molossorum</span> <span class='ocrx_word' id='word_1_115' title='bbox 1046 1448 1082 1513; x_wconf 87' lang='lat' dir='ltr'>iu.</span> 
     </span>
    </p>
   </div>
   <div class='ocr_carea' id='block_1_6' title="bbox 57 1518 1077 2883">
    <p class='ocr_par' dir='ltr' id='par_1_9' title="bbox 89 1518 1074 1822">
     <span class='ocr_line' id='line_1_18' title="bbox 209 1518 1073 1597; baseline -0.005 -12"><span class='ocrx_word' id='word_1_116' title='bbox 209 1522 311 1585; x_wconf 87' lang='lat' dir='ltr'>deliciis</span> <span class='ocrx_word' id='word_1_117' title='bbox 325 1524 456 1589; x_wconf 88' lang='lat' dir='ltr'>habebat,</span> <span class='ocrx_word' id='word_1_118' title='bbox 476 1518 601 1579; x_wconf 88' lang='lat' dir='ltr'>&amp;sortes</span> <span class='ocrx_word' id='word_1_119' title='bbox 616 1519 704 1593; x_wconf 90' lang='lat' dir='ltr'>ipsas,</span> <span class='ocrx_word' id='word_1_120' title='bbox 724 1521 754 1576; x_wconf 76' lang='grc' dir='ltr'>δε</span> <span class='ocrx_word' id='word_1_121' title='bbox 774 1533 863 1578; x_wconf 88' lang='lat' dir='ltr'>cetera</span> <span class='ocrx_word' id='word_1_122' title='bbox 879 1562 889 1587; x_wconf 95' lang='lat'>,</span> <span class='ocrx_word' id='word_1_123' title='bbox 910 1538 979 1597; x_wconf 84' lang='lat' dir='ltr'>quae</span> <span class='ocrx_word' id='word_1_124' title='bbox 1002 1532 1073 1583; x_wconf 84' lang='lat' dir='ltr'>erant</span> 
     </span>
     <span class='ocr_line' id='line_1_19' title="bbox 206 1595 1074 1673; baseline -0.002 -13"><span class='ocrx_word' id='word_1_125' title='bbox 206 1603 242 1661; x_wconf 94' lang='lat' dir='ltr'>ad</span> <span class='ocrx_word' id='word_1_126' title='bbox 258 1603 358 1661; x_wconf 85' lang='lat' dir='ltr'>sortem</span> <span class='ocrx_word' id='word_1_127' title='bbox 374 1614 489 1673; x_wconf 84' lang='lat' dir='ltr'>parata,</span> <span class='ocrx_word' id='word_1_128' title='bbox 509 1595 685 1664; x_wconf 86' lang='lat' dir='ltr'>disturbavit,</span> <span class='ocrx_word' id='word_1_129' title='bbox 720 1598 749 1654; x_wconf 80' lang='lat' dir='ltr'>dc</span> <span class='ocrx_word' id='word_1_130' title='bbox 770 1597 842 1655; x_wconf 88' lang='lat' dir='ltr'>aliud</span> <span class='ocrx_word' id='word_1_131' title='bbox 863 1595 919 1653; x_wconf 78' lang='lat' dir='ltr'>alid</span> <span class='ocrx_word' id='word_1_132' title='bbox 934 1597 995 1657; x_wconf 86' lang='lat' dir='ltr'>diffi</span> <span class='ocrx_word' id='word_1_133' title='bbox 1029 1598 1074 1658; x_wconf 77' lang='lat' dir='ltr'>vie</span> 
     </span>
     <span class='ocr_line' id='line_1_20' title="bbox 89 1671 1072 1750; baseline -0.006 -12"><span class='ocrx_word' id='word_1_134' title='bbox 89 1691 116 1741; x_wconf 76' lang='lat' dir='ltr'>r.</span> <span class='ocrx_word' id='word_1_135' title='bbox 136 1690 162 1738; x_wconf 67' lang='lat' dir='ltr'>s.</span> <span class='ocrx_word' id='word_1_136' title='bbox 210 1679 289 1737; x_wconf 87' lang='lat' dir='ltr'>Turn</span> <span class='ocrx_word' id='word_1_137' title='bbox 304 1694 354 1745; x_wconf 91' lang='lat' dir='ltr'>ea,</span> <span class='ocrx_word' id='word_1_138' title='bbox 373 1692 437 1750; x_wconf 86' lang='lat' dir='ltr'>quae</span> <span class='ocrx_word' id='word_1_139' title='bbox 451 1672 593 1747; x_wconf 83' lang='lat' dir='ltr'>praeposita</span> <span class='ocrx_word' id='word_1_140' title='bbox 607 1684 662 1729; x_wconf 83' lang='lat' dir='ltr'>orat</span> <span class='ocrx_word' id='word_1_141' title='bbox 678 1672 792 1731; x_wconf 88' lang='lat' dir='ltr'>oraculo</span> <span class='ocrx_word' id='word_1_142' title='bbox 807 1715 816 1740; x_wconf 94' lang='lat'>,</span> <span class='ocrx_word' id='word_1_143' title='bbox 834 1672 962 1732; x_wconf 81' lang='lat' dir='ltr'>sacerdos</span> <span class='ocrx_word' id='word_1_144' title='bbox 1003 1671 1072 1734; x_wconf 85' lang='lat' dir='ltr'>ixilie</span> 
     </span>
     <span class='ocr_line' id='line_1_21' title="bbox 208 1746 1070 1822; baseline -0.005 -9"><span class='ocrx_word' id='word_1_145' title='bbox 208 1754 324 1822; x_wconf 90' lang='lat' dir='ltr'>dicitur,</span> <span class='ocrx_word' id='word_1_146' title='bbox 343 1752 377 1809; x_wconf 85' lang='lat' dir='ltr'>de</span> <span class='ocrx_word' id='word_1_147' title='bbox 392 1751 474 1808; x_wconf 88' lang='lat' dir='ltr'>salute</span> <span class='ocrx_word' id='word_1_148' title='bbox 488 1746 711 1806; x_wconf 68' lang='lat' dir='ltr'>Lacedaemoniis</span> <span class='ocrx_word' id='word_1_149' title='bbox 726 1746 803 1818; x_wconf 85' lang='lat' dir='ltr'>elle,</span> <span class='ocrx_word' id='word_1_150' title='bbox 822 1765 882 1807; x_wconf 90' lang='lat' dir='ltr'>non</span> <span class='ocrx_word' id='word_1_151' title='bbox 905 1748 947 1808; x_wconf 87' lang='lat' dir='ltr'>de</span> <span class='ocrx_word' id='word_1_152' title='bbox 960 1751 1070 1812; x_wconf 69' lang='lat' dir='ltr'>victoria</span> 
     </span>
    </p>

    <p class='ocr_par' dir='ltr' id='par_1_10' title="bbox 57 1828 1077 2883">
     <span class='ocr_line' id='line_1_22' title="bbox 205 1828 393 1889; baseline -0.027 0"><span class='ocrx_word' id='word_1_153' title='bbox 205 1847 242 1889; x_wconf 91' lang='lat' dir='ltr'>co</span> <span class='ocrx_word' id='word_1_154' title='bbox 262 1828 393 1887; x_wconf 83' lang='lat' dir='ltr'>tandum.</span> 
     </span>
     <span class='ocr_line' id='line_1_23' title="bbox 162 1847 1070 1984; baseline -0.001 -21"><span class='ocrx_word' id='word_1_155' title='bbox 162 1928 195 1984; x_wconf 75' lang='grc' dir='ltr'><em>ῃ</em></span> <span class='ocrx_word' id='word_1_156' title='bbox 242 1847 361 1963; x_wconf 51' lang='lat' dir='ltr'>{XXV</span> <span class='ocrx_word' id='word_1_157' title='bbox 381 1905 505 1977; x_wconf 72' lang='lat' dir='ltr'>tQuro</span> <span class='ocrx_word' id='word_1_158' title='bbox 522 1898 534 1957; x_wconf 88' lang='lat'>?</span> <span class='ocrx_word' id='word_1_159' title='bbox 553 1899 624 1958; x_wconf 91' lang='lat' dir='ltr'>bello</span> <span class='ocrx_word' id='word_1_160' title='bbox 639 1899 745 1957; x_wconf 89' lang='lat' dir='ltr'>Punico</span> <span class='ocrx_word' id='word_1_161' title='bbox 759 1900 900 1968; x_wconf 88' lang='lat' dir='ltr'>secundo,</span> <span class='ocrx_word' id='word_1_162' title='bbox 919 1920 1019 1964; x_wconf 92' lang='lat' dir='ltr'>nonne</span> <span class='ocrx_word' id='word_1_163' title='bbox 1040 1903 1070 1962; x_wconf 88' lang='lat' dir='ltr'>C.</span> 
     </span>
     <span class='ocr_line' id='line_1_24' title="bbox 58 1976 1070 2062; baseline 0.004 -27"><span class='ocrx_word' id='word_1_164' title='bbox 58 1996 70 2035; x_wconf 86' lang='lat' dir='ltr'>r</span> <span class='ocrx_word' id='word_1_165' title='bbox 87 1988 199 2049; x_wconf 77' lang='lat' dir='ltr'>atrtQuid</span> <span class='ocrx_word' id='word_1_166' title='bbox 208 1981 354 2041; x_wconf 82' lang='lat' dir='ltr'>Flaminius</span> <span class='ocrx_word' id='word_1_167' title='bbox 367 1978 461 2037; x_wconf 89' lang='lat' dir='ltr'>consul</span> <span class='ocrx_word' id='word_1_168' title='bbox 477 1978 576 2035; x_wconf 91' lang='lat' dir='ltr'>iterum</span> <span class='ocrx_word' id='word_1_169' title='bbox 593 2018 604 2062; x_wconf 36' lang='grc' dir='ltr'>,Ι</span> <span class='ocrx_word' id='word_1_170' title='bbox 621 1976 741 2061; x_wconf 85' lang='lat' dir='ltr'>neglexit</span> <span class='ocrx_word' id='word_1_171' title='bbox 761 1977 834 2062; x_wconf 77' lang='lat' dir='ltr'>Agna</span> <span class='ocrx_word' id='word_1_172' title='bbox 855 1994 951 2037; x_wconf 85' lang='lat' dir='ltr'>return</span> <span class='ocrx_word' id='word_1_173' title='bbox 973 1982 1070 2039; x_wconf 88' lang='lat' dir='ltr'>futura·</span> 
     </span>
     <span class='ocr_line' id='line_1_25' title="bbox 57 2044 1070 2132; baseline -0.004 -15"><span class='ocrx_word' id='word_1_174' title='bbox 57 2044 184 2103; x_wconf 62' lang='lat' dir='ltr'>bellorum</span> <span class='ocrx_word' id='word_1_175' title='bbox 208 2076 271 2117; x_wconf 93' lang='lat' dir='ltr'>rum</span> <span class='ocrx_word' id='word_1_176' title='bbox 286 2071 463 2132; x_wconf 86' lang='lat' dir='ltr'>magnacum</span> <span class='ocrx_word' id='word_1_177' title='bbox 478 2052 556 2111; x_wconf 87' lang='lat' dir='ltr'>clade</span> <span class='ocrx_word' id='word_1_178' title='bbox 568 2052 723 2126; x_wconf 82' lang='lat' dir='ltr'>reipublicae</span> <span class='ocrx_word' id='word_1_179' title='bbox 739 2050 751 2108; x_wconf 86' lang='lat'>?</span> <span class='ocrx_word' id='word_1_180' title='bbox 772 2056 830 2125; x_wconf 86' lang='lat' dir='ltr'>Qui</span> <span class='ocrx_word' id='word_1_181' title='bbox 845 2057 972 2114; x_wconf 78' lang='lat' dir='ltr'>exercitu</span> <span class='ocrx_word' id='word_1_182' title='bbox 985 2056 1070 2115; x_wconf 81' lang='lat' dir='ltr'>lustra·</span> 
     </span>
     <span class='ocr_line' id='line_1_26' title="bbox 57 2106 1077 2204; baseline 0.002 -17"><span class='ocrx_word' id='word_1_183' title='bbox 57 2106 173 2187; x_wconf 55' lang='lat' dir='ltr'>sm‘bs</span> <span class='ocrx_word' id='word_1_184' title='bbox 208 2146 257 2204; x_wconf 93' lang='lat' dir='ltr'>to,</span> <span class='ocrx_word' id='word_1_185' title='bbox 276 2131 339 2190; x_wconf 83' lang='lat' dir='ltr'>chin</span> <span class='ocrx_word' id='word_1_186' title='bbox 362 2130 504 2190; x_wconf 84' lang='lat' dir='ltr'>Arretium</span> <span class='ocrx_word' id='word_1_187' title='bbox 523 2128 612 2187; x_wconf 86' lang='lat' dir='ltr'>versus</span> <span class='ocrx_word' id='word_1_188' title='bbox 634 2127 715 2185; x_wconf 87' lang='lat' dir='ltr'>castra</span> <span class='ocrx_word' id='word_1_189' title='bbox 736 2126 863 2186; x_wconf 86' lang='lat' dir='ltr'>movisset</span> <span class='ocrx_word' id='word_1_190' title='bbox 879 2172 903 2198; x_wconf 61' lang='lat'>,‚</span> <span class='ocrx_word' id='word_1_191' title='bbox 922 2132 955 2189; x_wconf 72' lang='grc' dir='ltr'>ὅ(</span> <span class='ocrx_word' id='word_1_192' title='bbox 977 2134 1077 2191; x_wconf 79' lang='lat' dir='ltr'>contra·</span> 
     </span>
     <span class='ocr_line' id='line_1_27' title="bbox 173 2204 1070 2281; baseline -0.006 -13"><span class='ocrx_word' id='word_1_193' title='bbox 173 2272 176 2277; x_wconf 65' lang='grc'><em>,</em></span> <span class='ocrx_word' id='word_1_194' title='bbox 205 2209 371 2270; x_wconf 83' lang='lat' dir='ltr'>Annibalem</span> <span class='ocrx_word' id='word_1_195' title='bbox 383 2206 506 2281; x_wconf 87' lang='lat' dir='ltr'>legiones</span> <span class='ocrx_word' id='word_1_196' title='bbox 520 2205 647 2263; x_wconf 88' lang='lat' dir='ltr'>duceret:</span> <span class='ocrx_word' id='word_1_197' title='bbox 668 2206 697 2261; x_wconf 70' lang='grc' dir='ltr'>ὅ(</span> <span class='ocrx_word' id='word_1_198' title='bbox 711 2204 783 2278; x_wconf 89' lang='lat' dir='ltr'>ipse,</span> <span class='ocrx_word' id='word_1_199' title='bbox 803 2205 928 2280; x_wconf 88' lang='lat' dir='ltr'>&amp;equus</span> <span class='ocrx_word' id='word_1_200' title='bbox 944 2206 1070 2281; x_wconf 82' lang='lat' dir='ltr'>ejusaute</span> 
     </span>
     <span class='ocr_line' id='line_1_28' title="bbox 205 2279 1068 2362; baseline -0.005 -16"><span class='ocrx_word' id='word_1_201' title='bbox 205 2286 312 2362; x_wconf 86' lang='lat' dir='ltr'>signum</span> <span class='ocrx_word' id='word_1_202' title='bbox 325 2282 401 2354; x_wconf 87' lang='lat' dir='ltr'>Jovis</span> <span class='ocrx_word' id='word_1_203' title='bbox 416 2283 527 2339; x_wconf 87' lang='lat' dir='ltr'>Statoris</span> <span class='ocrx_word' id='word_1_204' title='bbox 549 2280 605 2338; x_wconf 86' lang='lat' dir='ltr'>sine</span> <span class='ocrx_word' id='word_1_205' title='bbox 621 2279 697 2337; x_wconf 88' lang='lat' dir='ltr'>causa</span> <span class='ocrx_word' id='word_1_206' title='bbox 720 2279 832 2352; x_wconf 76' lang='lat' dir='ltr'>repente</span> <span class='ocrx_word' id='word_1_207' title='bbox 855 2282 1000 2353; x_wconf 87' lang='lat' dir='ltr'>concidit,</span> <span class='ocrx_word' id='word_1_208' title='bbox 1018 2297 1068 2342; x_wconf 83' lang='lat' dir='ltr'>nec</span> 
     </span>
     <span class='ocr_line' id='line_1_29' title="bbox 204 2354 1066 2433; baseline -0.003 -14"><span class='ocrx_word' id='word_1_209' title='bbox 204 2379 268 2420; x_wconf 89' lang='lat' dir='ltr'>eam</span> <span class='ocrx_word' id='word_1_210' title='bbox 283 2376 342 2418; x_wconf 88' lang='lat' dir='ltr'>rem</span> <span class='ocrx_word' id='word_1_211' title='bbox 355 2358 449 2415; x_wconf 87' lang='lat' dir='ltr'>habuit</span> <span class='ocrx_word' id='word_1_212' title='bbox 463 2355 603 2430; x_wconf 87' lang='lat' dir='ltr'>religioni,</span> <span class='ocrx_word' id='word_1_213' title='bbox 623 2354 733 2427; x_wconf 71' lang='lat' dir='ltr'>objecto</span> <span class='ocrx_word' id='word_1_214' title='bbox 748 2355 824 2429; x_wconf 85' lang='lat' dir='ltr'>figno</span> <span class='ocrx_word' id='word_1_215' title='bbox 841 2397 850 2422; x_wconf 94' lang='lat'>,</span> <span class='ocrx_word' id='word_1_216' title='bbox 878 2370 910 2415; x_wconf 90' lang='lat' dir='ltr'>ut</span> <span class='ocrx_word' id='word_1_217' title='bbox 924 2360 1017 2433; x_wconf 87' lang='lat' dir='ltr'>petitis</span> <span class='ocrx_word' id='word_1_218' title='bbox 1030 2359 1066 2416; x_wconf 82' lang='lat' dir='ltr'>ri·</span> 
     </span>
     <span class='ocr_line' id='line_1_30' title="bbox 203 2430 1069 2511; baseline -0.005 -15"><span class='ocrx_word' id='word_1_219' title='bbox 203 2437 334 2502; x_wconf 87' lang='lat' dir='ltr'>debatur,</span> <span class='ocrx_word' id='word_1_220' title='bbox 352 2449 389 2490; x_wconf 90' lang='lat' dir='ltr'>ne</span> <span class='ocrx_word' id='word_1_221' title='bbox 403 2433 591 2490; x_wconf 89' lang='lat' dir='ltr'>committeret</span> <span class='ocrx_word' id='word_1_222' title='bbox 606 2431 742 2504; x_wconf 87' lang='lat' dir='ltr'>proelium.</span> <span class='ocrx_word' id='word_1_223' title='bbox 781 2430 858 2505; x_wconf 73' lang='lat' dir='ltr'>Idem</span> <span class='ocrx_word' id='word_1_224' title='bbox 875 2433 942 2493; x_wconf 83' lang='lat' dir='ltr'>curn</span> <span class='ocrx_word' id='word_1_225' title='bbox 951 2434 1069 2511; x_wconf 91' lang='lat' dir='ltr'>tripudio</span> 
     </span>
     <span class='ocr_line' id='line_1_31' title="bbox 203 2506 1065 2586; baseline 0.001 -16"><span class='ocrx_word' id='word_1_226' title='bbox 203 2512 400 2586; x_wconf 73' lang='lat' dir='ltr'>auspicaretur,</span> <span class='ocrx_word' id='word_1_227' title='bbox 420 2507 544 2580; x_wconf 87' lang='lat' dir='ltr'>pullarius</span> <span class='ocrx_word' id='word_1_228' title='bbox 565 2506 749 2579; x_wconf 65' lang='lat' dir='ltr'>diem‘proelii</span> <span class='ocrx_word' id='word_1_229' title='bbox 769 2508 969 2570; x_wconf 85' lang='lat' dir='ltr'>committendi</span> <span class='ocrx_word' id='word_1_230' title='bbox 991 2509 1065 2572; x_wconf 79' lang='lat' dir='ltr'>diffe-</span> 
     </span>
     <span class='ocr_line' id='line_1_32' title="bbox 200 2581 1066 2664; baseline 0.003 -18"><span class='ocrx_word' id='word_1_231' title='bbox 200 2587 285 2646; x_wconf 86' lang='lat' dir='ltr'>rebat.</span> <span class='ocrx_word' id='word_1_232' title='bbox 323 2585 400 2644; x_wconf 91' lang='lat' dir='ltr'>Tum</span> <span class='ocrx_word' id='word_1_233' title='bbox 414 2581 562 2655; x_wconf 83' lang='lat' dir='ltr'>Flaminius</span> <span class='ocrx_word' id='word_1_234' title='bbox 583 2599 618 2640; x_wconf 82' lang='lat' dir='ltr'>ex</span> <span class='ocrx_word' id='word_1_235' title='bbox 639 2598 675 2639; x_wconf 87' lang='lat' dir='ltr'>eo</span> <span class='ocrx_word' id='word_1_236' title='bbox 718 2582 848 2653; x_wconf 76' lang='lat' dir='ltr'>messuit,</span> <span class='ocrx_word' id='word_1_237' title='bbox 876 2585 950 2645; x_wconf 90' lang='lat' dir='ltr'>fine</span> <span class='ocrx_word' id='word_1_238' title='bbox 976 2588 1066 2664; x_wconf 81' lang='lat' dir='ltr'>polles</span> 
     </span>
     <span class='ocr_line' id='line_1_33' title="bbox 223 2600 1065 2736; baseline 0.004 -14"><span class='ocrx_word' id='word_1_239' title='bbox 223 2662 317 2723; x_wconf 88' lang='lat' dir='ltr'>uidem</span> <span class='ocrx_word' id='word_1_240' title='bbox 339 2660 404 2736; x_wconf 92' lang='lat' dir='ltr'>pulli</span> <span class='ocrx_word' id='word_1_241' title='bbox 426 2656 619 2733; x_wconf 86' lang='lat' dir='ltr'>pascerentur,</span> <span class='ocrx_word' id='word_1_242' title='bbox 672 2600 718 2716; x_wconf 49' lang='lat' dir='ltr'>ui}</span> <span class='ocrx_word' id='word_1_243' title='bbox 746 2659 905 2718; x_wconf 82' lang='lat' dir='ltr'>iaciendum</span> <span class='ocrx_word' id='word_1_244' title='bbox 937 2665 1065 2725; x_wconf 88' lang='lat' dir='ltr'>censeret.</span> 
     </span>
     <span class='ocr_line' id='line_1_34' title="bbox 199 2675 1067 2816; baseline -0.001 -16"><span class='ocrx_word' id='word_1_245' title='bbox 199 2681 273 2802; x_wconf 54' lang='lat' dir='ltr'>gum</span> <span class='ocrx_word' id='word_1_246' title='bbox 288 2738 333 2799; x_wconf 88' lang='lat' dir='ltr'>ille</span> <span class='ocrx_word' id='word_1_247' title='bbox 347 2734 542 2816; x_wconf 85' lang='lat' dir='ltr'>quiescendum</span> <span class='ocrx_word' id='word_1_248' title='bbox 555 2675 746 2810; x_wconf 56' lang='lat' dir='ltr'>respondisset:</span> <span class='ocrx_word' id='word_1_249' title='bbox 767 2735 935 2808; x_wconf 84' lang='lat' dir='ltr'>Flaminius,</span> <span class='ocrx_word' id='word_1_250' title='bbox 955 2741 1067 2799; x_wconf 82' lang='lat' dir='ltr'>Praecla·</span> 
     </span>
     <span class='ocr_line' id='line_1_35' title="bbox 498 2834 1064 2883; baseline 0 -38"><span class='ocrx_word' id='word_1_251' title='bbox 498 2840 501 2845; x_wconf 88' lang='lat'>.</span> <span class='ocrx_word' id='word_1_252' title='bbox 1007 2834 1064 2883; x_wconf 39' lang='lat' dir='ltr'>‘n</span> 
     </span>
    </p>
   </div>
   <div class='ocr_carea' id='block_1_7' title="bbox 200 3005 1097 3132">
    <p class='ocr_par' dir='ltr' id='par_1_11' title="bbox 200 3005 1097 3132">
     <span class='ocr_line' id='line_1_36' title="bbox 232 3005 1097 3075; baseline 0.002 -20"><span class='ocrx_word' id='word_1_253' title='bbox 232 3021 271 3055; x_wconf 81' lang='lat'>21.</span> <span class='ocrx_word' id='word_1_254' title='bbox 288 3007 474 3067; x_wconf 65' lang='lat' dir='ltr'>satraparum</span> <span class='ocrx_word' id='word_1_255' title='bbox 489 3008 534 3058; x_wconf 71' lang='lat' dir='ltr'>&amp;a</span> <span class='ocrx_word' id='word_1_256' title='bbox 546 3006 698 3063; x_wconf 62' lang='lat' dir='ltr'>considerans]</span> <span class='ocrx_word' id='word_1_257' title='bbox 713 3005 854 3055; x_wconf 74' lang='lat' dir='ltr'>Automula</span> <span class='ocrx_word' id='word_1_258' title='bbox 866 3005 945 3056; x_wconf 65' lang='lat' dir='ltr'>isthec</span> <span class='ocrx_word' id='word_1_259' title='bbox 959 3006 1063 3075; x_wconf 71' lang='lat' dir='ltr'>stipem·</span> <span class='ocrx_word' id='word_1_260' title='bbox 1094 3032 1097 3037; x_wconf 92' lang='lat'>·</span> 
     </span>
     <span class='ocr_line' id='line_1_37' title="bbox 200 3067 1097 3132; baseline 0.008 -17"><span class='ocrx_word' id='word_1_261' title='bbox 200 3081 243 3115; x_wconf 80' lang='lat' dir='ltr'>cua</span> <span class='ocrx_word' id='word_1_262' title='bbox 253 3069 317 3125; x_wconf 89' lang='lat' dir='ltr'>sunt,</span> <span class='ocrx_word' id='word_1_263' title='bbox 334 3081 373 3115; x_wconf 84' lang='lat' dir='ltr'>aur</span> <span class='ocrx_word' id='word_1_264' title='bbox 384 3069 425 3118; x_wconf 88' lang='lat' dir='ltr'>illa</span> <span class='ocrx_word' id='word_1_265' title='bbox 436 3067 500 3132; x_wconf 77' lang='lat' dir='ltr'>post,</span> <span class='ocrx_word' id='word_1_266' title='bbox 515 3085 559 3132; x_wconf 81' lang='lat' dir='ltr'>qua</span> <span class='ocrx_word' id='word_1_267' title='bbox 569 3074 669 3131; x_wconf 81' lang='lat' dir='ltr'>inpugna</span> <span class='ocrx_word' id='word_1_268' title='bbox 682 3083 726 3120; x_wconf 74' lang='lat' dir='ltr'>oc.</span> <span class='ocrx_word' id='word_1_269' title='bbox 743 3072 871 3117; x_wconf 71' lang='lat' dir='ltr'>deciderunt.</span> <span class='ocrx_word' id='word_1_270' title='bbox 889 3074 986 3121; x_wconf 84' lang='lat' dir='ltr'>Gruter.</span> <span class='ocrx_word' id='word_1_271' title='bbox 1094 3108 1097 3121; x_wconf 92' lang='lat'><em>.</em></span> 
     </span>
    </p>
   </div>
   <div class='ocr_carea' id='block_1_8' title="bbox 229 3132 1099 3201">
    <p class='ocr_par' dir='ltr' id='par_1_12' title="bbox 229 3132 1099 3201">
     <span class='ocr_line' id='line_1_38' title="bbox 229 3132 1099 3201; baseline 0.003 -24"><span class='ocrx_word' id='word_1_272' title='bbox 229 3146 267 3179; x_wconf 89' lang='lat'>22.</span> <span class='ocrx_word' id='word_1_273' title='bbox 284 3134 338 3192; x_wconf 62' lang='lat' dir='ltr'>Qua</span> <span class='ocrx_word' id='word_1_274' title='bbox 348 3135 448 3195; x_wconf 72' lang='lat' dir='ltr'>inpugna</span> <span class='ocrx_word' id='word_1_275' title='bbox 462 3156 493 3167; x_wconf 82' lang='lat'><em>-</em></span> <span class='ocrx_word' id='word_1_276' title='bbox 509 3133 597 3193; x_wconf 78' lang='lat' dir='ltr'>Delphis</span> <span class='ocrx_word' id='word_1_277' title='bbox 611 3132 698 3192; x_wconf 64' lang='lat' dir='ltr'>postte]</span> <span class='ocrx_word' id='word_1_278' title='bbox 712 3132 845 3179; x_wconf 77' lang='lat' dir='ltr'>Parentheti</span> <span class='ocrx_word' id='word_1_279' title='bbox 857 3148 928 3181; x_wconf 82' lang='lat' dir='ltr'>voces</span> <span class='ocrx_word' id='word_1_280' title='bbox 938 3134 984 3182; x_wconf 81' lang='lat' dir='ltr'>has</span> <span class='ocrx_word' id='word_1_281' title='bbox 993 3132 1062 3181; x_wconf 83' lang='lat' dir='ltr'>inclu-</span> <span class='ocrx_word' id='word_1_282' title='bbox 1090 3138 1099 3201; x_wconf 66' lang='lat'>&#39;3</span> 
     </span>
    </p>
   </div>
   <div class='ocr_carea' id='block_1_9' title="bbox 193 3187 1064 3566">
    <p class='ocr_par' dir='ltr' id='par_1_13' title="bbox 193 3187 1064 3558">
     <span class='ocr_line' id='line_1_39' title="bbox 197 3187 1064 3259; baseline 0.006 -21"><span class='ocrx_word' id='word_1_283' title='bbox 197 3187 287 3247; x_wconf 77' lang='lat' dir='ltr'>fimus,</span> <span class='ocrx_word' id='word_1_284' title='bbox 307 3208 337 3241; x_wconf 87' lang='lat' dir='ltr'>ne</span> <span class='ocrx_word' id='word_1_285' title='bbox 347 3190 391 3242; x_wconf 89' lang='lat' dir='ltr'>sint</span> <span class='ocrx_word' id='word_1_286' title='bbox 408 3193 488 3256; x_wconf 88' lang='lat' dir='ltr'>,qui,</span> <span class='ocrx_word' id='word_1_287' title='bbox 505 3210 558 3242; x_wconf 86' lang='lat' dir='ltr'>curn</span> <span class='ocrx_word' id='word_1_288' title='bbox 572 3198 691 3249; x_wconf 88' lang='lat' dir='ltr'>Grutero,</span> <span class='ocrx_word' id='word_1_289' title='bbox 711 3208 751 3241; x_wconf 85' lang='lat' dir='ltr'>eas</span> <span class='ocrx_word' id='word_1_290' title='bbox 765 3195 777 3241; x_wconf 78' lang='lat' dir='ltr'>l</span> <span class='ocrx_word' id='word_1_291' title='bbox 790 3195 853 3242; x_wconf 83' lang='lat' dir='ltr'>mala</span> <span class='ocrx_word' id='word_1_292' title='bbox 869 3190 1064 3259; x_wconf 75' lang='lat' dir='ltr'>manuirrcpfiffe</span> 
     </span>
     <span class='ocr_line' id='line_1_40' title="bbox 196 3251 1062 3320; baseline 0.003 -20"><span class='ocrx_word' id='word_1_293' title='bbox 196 3251 326 3312; x_wconf 76' lang='lat' dir='ltr'>censeant3</span> <span class='ocrx_word' id='word_1_294' title='bbox 341 3269 401 3303; x_wconf 86' lang='lat' dir='ltr'>nere</span> <span class='ocrx_word' id='word_1_295' title='bbox 414 3252 479 3312; x_wconf 82' lang='lat' dir='ltr'>siut,</span> <span class='ocrx_word' id='word_1_296' title='bbox 501 3259 561 3320; x_wconf 88' lang='lat' dir='ltr'>qui,</span> <span class='ocrx_word' id='word_1_297' title='bbox 581 3272 635 3304; x_wconf 90' lang='lat' dir='ltr'>cum</span> <span class='ocrx_word' id='word_1_298' title='bbox 652 3255 770 3304; x_wconf 84' lang='lat' dir='ltr'>Lambino</span> <span class='ocrx_word' id='word_1_299' title='bbox 785 3291 793 3313; x_wconf 95' lang='lat'>,</span> <span class='ocrx_word' id='word_1_300' title='bbox 809 3271 927 3320; x_wconf 81' lang='lat' dir='ltr'>reponant</span> <span class='ocrx_word' id='word_1_301' title='bbox 942 3275 1000 3317; x_wconf 78' lang='lat' dir='ltr'>qm</span> <span class='ocrx_word' id='word_1_302' title='bbox 1016 3258 1062 3304; x_wconf 76' lang='lat' dir='ltr'>dixi</span> 
     </span>
     <span class='ocr_line' id='line_1_41' title="bbox 194 3316 1060 3382; baseline 0.007 -19"><span class='ocrx_word' id='word_1_303' title='bbox 194 3316 287 3375; x_wconf 78' lang='lat' dir='ltr'>Delphis</span> <span class='ocrx_word' id='word_1_304' title='bbox 303 3316 319 3362; x_wconf 67' lang='lat' dir='ltr'>a*</span> <span class='ocrx_word' id='word_1_305' title='bbox 339 3320 502 3365; x_wconf 73' lang='lat' dir='ltr'>Lacedamoniir</span> <span class='ocrx_word' id='word_1_306' title='bbox 522 3321 598 3382; x_wconf 80' lang='lat' dir='ltr'>pofiras</span> <span class='ocrx_word' id='word_1_307' title='bbox 616 3317 682 3377; x_wconf 76' lang='lat' dir='ltr'>fm&#39;ffe</span> <span class='ocrx_word' id='word_1_308' title='bbox 692 3336 700 3375; x_wconf 80' lang='lat'>3</span> <span class='ocrx_word' id='word_1_309' title='bbox 728 3333 785 3367; x_wconf 87' lang='lat' dir='ltr'>nam</span> <span class='ocrx_word' id='word_1_310' title='bbox 799 3334 919 3380; x_wconf 82' lang='lat' dir='ltr'>receptam</span> <span class='ocrx_word' id='word_1_311' title='bbox 934 3320 1060 3369; x_wconf 70' lang='lat' dir='ltr'>lestiooen</span> 
     </span>
     <span class='ocr_line' id='line_1_42' title="bbox 193 3375 1060 3448; baseline 0.01 -23"><span class='ocrx_word' id='word_1_312' title='bbox 193 3375 303 3440; x_wconf 77' lang='lat' dir='ltr'>psallant</span> <span class='ocrx_word' id='word_1_313' title='bbox 319 3393 403 3430; x_wconf 85' lang='lat' dir='ltr'>omnes</span> <span class='ocrx_word' id='word_1_314' title='bbox 415 3380 511 3440; x_wconf 70' lang='lat' dir='ltr'>russei,</span> <span class='ocrx_word' id='word_1_315' title='bbox 534 3395 612 3447; x_wconf 80' lang='lat' dir='ltr'>neque</span> <span class='ocrx_word' id='word_1_316' title='bbox 628 3394 682 3432; x_wconf 87' lang='lat' dir='ltr'>raro</span> <span class='ocrx_word' id='word_1_317' title='bbox 699 3379 726 3431; x_wconf 82' lang='lat' dir='ltr'>fir</span> <span class='ocrx_word' id='word_1_318' title='bbox 739 3414 747 3442; x_wconf 92' lang='lat'>,</span> <span class='ocrx_word' id='word_1_319' title='bbox 761 3393 786 3433; x_wconf 89' lang='lat' dir='ltr'>ur</span> <span class='ocrx_word' id='word_1_320' title='bbox 804 3382 954 3448; x_wconf 77' lang='lat' dir='ltr'>intedigatur</span> <span class='ocrx_word' id='word_1_321' title='bbox 970 3383 1060 3434; x_wconf 68' lang='lat' dir='ltr'>rothun</span> 
     </span>
     <span class='ocr_line' id='line_1_43' title="bbox 195 3438 1050 3558; baseline 0.004 -69"><span class='ocrx_word' id='word_1_322' title='bbox 195 3438 373 3496; x_wconf 81' lang='lat' dir='ltr'>substantivum.</span> <span class='ocrx_word' id='word_1_323' title='bbox 405 3443 489 3504; x_wconf 57' lang='lat' dir='ltr'>Dans</span> <span class='ocrx_word' id='word_1_324' title='bbox 1025 3506 1050 3558; x_wconf 36' lang='grc' dir='ltr'>ὃ.</span> 
     </span>
    </p>

    <p class='ocr_par' dir='ltr' id='par_1_14' title="bbox 975 3521 1058 3566">
     <span class='ocr_line' id='line_1_44' title="bbox 975 3521 1058 3566; baseline -0.012 -5"><span class='ocrx_word' id='word_1_325' title='bbox 975 3521 1012 3566; x_wconf 66' lang='lat' dir='ltr'>ns</span> <span class='ocrx_word' id='word_1_326' title='bbox 1040 3522 1058 3555; x_wconf 52' lang='grc' dir='ltr'>ι’</span> 
     </span>
    </p>
   </div>
   <div class='ocr_carea' id='block_1_10' title="bbox 1098 3466 1107 3639">
    <p class='ocr_par' dir='ltr' id='par_1_15' title="bbox 1098 3466 1107 3639">
     <span class='ocr_line' id='line_1_45' title="bbox 1098 3466 1107 3639; baseline 0 0"><span class='ocrx_word' id='word_1_327' title='bbox 1098 3466 1107 3639; x_wconf 88' lang='lat' dir='ltr'>l</span> 
     </span>
    </p>
   </div>
   <div class='ocr_carea' id='block_1_11' title="bbox 0 0 1152 3908">
    <p class='ocr_par' dir='ltr' id='par_1_16' title="bbox 0 0 1152 3908">
     <span class='ocr_line' id='line_1_46' title="bbox 0 0 1152 3908; baseline 0 3"><span class='ocrx_word' id='word_1_328' title='bbox 0 0 1152 3908; x_wconf 95' lang='lat' dir='ltr'> </span> 
     </span>
    </p>
   </div>
  </div>
 </body>
</html>
