2296 3908
190 118 381 207 Libere
422 114 761 180 Stcuunus.
839 108 924 201 2985

44 246 105 289 res:
127 244 220 319 neque
234 242 369 303 umquam
384 225 418 281 ab
431 224 488 283 sole
503 221 623 283 duorum
638 222 780 298 srgnorum
795 224 929 286 interval·

44 304 77 366 lo
92 306 204 380 longius
219 304 348 372 discedit,
367 316 427 359 tum
442 302 624 369 antecedens,
644 312 706 357 turn
721 300 891 377 subsequem.

46 396 50 403 ·
72 376 168 440 'XXL
188 382 219 438 H
229 406 245 439 a
255 399 303 447 uc
322 379 405 453 igitur
418 380 446 436 in
462 376 541 435 stellis
554 378 736 437 constantiam
752 421 761 446 ,
780 378 853 438 hanc
866 394 968 466 tan-54

44 468 114 518 tam
130 469 189 516 tam
203 458 283 516 variis
295 452 412 514 curfibus
434 455 464 513 in
484 455 564 512 omni
586 454 742 512 aeternitare
755 459 929 515 convenien-

46 535 123 592 tiam
147 546 307 609 temporum
334 550 394 591 uon
426 527 535 607 possum
556 528 707 605 intelligere
734 528 791 589 fine
814 546 931 601 mente,

51 613 181 680 ratione,
201 608 326 669 consilio.
364 610 439 685 Quae
454 606 518 666 etlm
533 608 562 665 in
577 606 706 665 sideribus
729 604 815 666 inesse
836 610 932 668 videa·

51 688 136 757 mus,
155 704 214 751 non
228 682 371 763 possumus
385 702 417 745 et
431 684 486 760 ipsa
507 700 567 742 non
589 684 655 742 ⁷²in
675 680 794 742 deorum
809 702 932 745 numero

52 776 201 838 reponere.
240 764 302 822 Nec
316 761 384 820 verb
399 752 482 820 llellae
498 778 560 830 eae,
579 778 644 836 quae
658 761 809 819 inerrantes
825 780 932 821 vocan-

55 849 126 910 tur,
165 858 224 900 non
246 838 397 916 fignificant
416 838 536 897 eandem
558 851 685 895 mentem
704 848 789 914 atque
811 839 933 915 pruden-

55 916 142 985 tiam;
183 934 280 976 uarum
306 916 344 975 est
365 915 544 991 quotidiana,
564 914 735 972 conveniens
750 916 933 990 constansque

56 1008 150 1051 conve
174 1011 220 1052 ro:
239 1004 330 1051 rtnec
343 992 447 1050 habent
462 993 598 1049 aethereos
613 989 703 1048 cursus
718 1032 727 1059 ,
746 1007 841 1067 neque
856 992 930 1050 caelo

54 1065 237 1140 inhaerentes,
259 1083 290 1127 ut
302 1070 425 1145 plerique
440 1068 538 1126 dicunt
557 1066 677 1142 physrcae
697 1067 811 1127 rationis
830 1068 926 1143 ignari.

55 1158 116 1204 non
131 1146 168 1205 est
182 1148 257 1205 enim
274 1148 383 1203 aetheris
397 1162 429 1202 ea
443 1160 539 1201 natum
554 1184 562 1209 ‚
590 1156 621 1201 ut
636 1145 665 1201 vi
678 1141 723 1201 sua
737 1142 823 1203 stellas
843 1162 924 1203 com.
933 1142 1082 1203 mm·

50 1223 135 1295 plexa
156 1235 348 1299 contorqueat.
386 1238 451 1280 nam
480 1221 570 1279 tenuis
602 1237 636 1277 ac
654 1220 798 1293 perlucens
832 1222 862 1280 dt
886 1240 927 1279 ae-

48 1298 156 1375 quabili
169 1301 261 1358 calore
283 1296 394 1356 suffusus
420 1296 507 1354 aetlrer
535 1314 594 1354 non
614 1294 673 1354 satis
693 1310 771 1375 aptus
784 1296 821 1357 ad
841 1297 928 1358 stellas

50 1376 240 1434 continendas
255 1376 375 1432 videtur.

95 1452 212 1509 Habent
226 1450 308 1527 igitur
322 1449 396 1507 suam
411 1446 543 1523 sphaeram
564 1447 648 1505 stellae
667 1448 816 1508 inerrantes
837 1449 871 1509 ab
891 1469 973 1531 ae·55

51 1528 153 1587 thetea
168 1526 368 1601 conjunclione
392 1524 523 1583 secretam
551 1524 725 1583 &liberam
763 1528 865 1585 Earum
880 1546 928 1587 au·

49 1616 115 1662 tern
137 1620 282 1678 peremnes
304 1601 392 1660 cursus
417 1613 501 1678 arque
521 1602 669 1676 perpetui,
690 1619 756 1659 cum
777 1603 929 1665 admirabili

50 1680 264 1755 incredibilique
278 1678 442 1745 constantia,
462 1677 600 1735 declarant
613 1678 643 1737 iu
656 1678 698 1737 his
712 1681 771 1737 rim
793 1684 823 1738 dt
847 1698 929 1740 men·

52 1768 117 1817 tem
133 1752 186 1815 esse
200 1756 339 1815 divinam:
359 1766 407 1824 ut,
426 1756 489 1812 haec
502 1754 555 1830 ipsa
568 1754 615 1829 qui
630 1772 689 1812 non
705 1754 928 1816 sentiatdeotum

52 1834 115 1893 vim
131 1832 248 1902 habere,
266 1832 288 1891 is
302 1832 369 1890 nihil
381 1832 501 1890 omnino
513 1830 633 1888 sensurus
647 1828 701 1889 elle
714 1832 850 1893 videatur.

96 1908 179 1967 Nulla
191 1910 273 1983 igitur
286 1910 315 1967 in
330 1908 400 1966 caelo
415 1908 610 1974 mesenum,
631 1924 685 1966 nec
697 1909 853 1981 temeritas,
872 1928 926 1969 nec
934 1912 969 1987 56

54 1986 175 2055 erratio,
194 2003 248 2045 nec
262 1986 366 2043 vanitas
380 1982 464 2043 inest:
484 1996 637 2060 contraque
653 1986 746 2043 omnis
759 1986 831 2045 ordo
847 2031 856 2055 ‚
878 2006 927 2047 re·

51 2063 137 2130 ritas,
156 2062 245 2129 tatio,
265 2062 424 2120 conllantt'a.
457 2074 582 2136 'quaeque
602 2060 643 2119 iris
664 2076 786 2130 vacant,
806 2074 950 2137 'emen-v,
963 2072 992 2109 ἃ
1004 2068 1076 2137 m}

50 2139 103 2197 tita
125 2138 155 2194 δι
189 2137 266 2206 falsa,
288 2140 425 2213 plenaque
440 2138 535 2193 erroris
550 2149 617 2194 eunt
638 2138 743 2195 circum
763 2149 864 2210 tetras,
883 2125 1033 2199 itt-‘mm

55 2214 96 2271 fra
110 2212 225 2281 lunam;
245 2232 310 2289 quae
323 2215 452 2273 omnium
467 2213 564 2269 ultima
589 2212 627 2270 est
666 2214 694 2271 in
718 2217 850 2290 terrisque
864 2234 928 2275 vet·

47 2288 133 2369 satur.
172 2288 318 2349 Celellem
341 2307 407 2365 ergo
437 2288 625 2349 admirabilem
647 2290 776 2351 ordinem
808 2292 930 2353 incredi-

889 2371 930 2431 bi·

84 2588 126 2630 72.
144 2582 170 2623 Irr
179 2582 274 2625 Deorum
283 2596 369 2627 numero
379 2584 491 2641 reperim]
496 2578 638 2628 Gulielmius
649 2580 860 2637 annotat‚11udati
865 2582 929 2634 hunc

51 2635 137 2687 locum
148 2638 295 2689 teutranno
306 2643 345 2690 lib.
354 2658 385 2690 rr.
401 2656 452 2706 cap.
460 2659 481 2700 5.
499 2644 593 2705 legique
604 2642 693 2692 ibidem
701 2658 783 2707 ponere.
796 2661 878 2697 verum
892 2650 929 2699 al-

51 2712 134 2751 terum
144 2700 213 2751 restat
224 2706 247 2751 in
261 2706 315 2753 Pali.
330 2708 354 2753 &
367 2710 455 2755 Wouw.
487 2710 574 2753 (imur.

84 2780 100 2821 7
104 2780 125 2819 ῃ.
141 2772 184 2813 Nec
196 2768 269 2813 lrabeat
280 2772 373 2815 aetlrert'es
382 2770 472 2829 cursus,
488 2786 553 2829 neque
562 2772 612 2816 casa
623 2772 763 2827 iubentium]
778 2771 861 2819 Statim
874 2772 926 2835 post

48 2827 141 2875 Balbus
154 2830 228 2877 etiam
237 2828 314 2879 dicit:
339 2834 412 2877 habene
424 2834 492 2893 igitur
500 2837 564 2891 surm
577 2834 680 2896 [pharam
692 2834 758 2889 stella
773 2838 888 2881 inerrantes
901 2839 928 2881 ab

51 2894 143 2939 arbem
165 2895 308 2949 conjunclierre
317 2894 419 2954 sernum
434 2902 460 2946 (7
481 2896 577 2942 liberam.
613 2894 700 2945 Verum
715 2896 764 2943 haec
784 2912 834 2945 non
856 2896 928 2947 facile

52 2952 154 3019 possunt
164 2956 286 3011 conciliati
295 2950 351 3005 curt't'
360 2970 406 3012 eo,
422 2957 488 3019 quod
499 2956 555 3007 dicit
568 2958 632 3007 idem
643 2960 728 3007 balbus
738 2958 800 3007 insta
817 2974 868 3023 cap.
886 2971 928 3021 46.

52 3024 83 3065 In
95 3021 248 3064 altercantem
258 3019 315 3078 astra
324 3022 451 3069 volvuntur.
486 3022 512 3069 δι
523 3023 548 3068 ltr
565 3036 595 3071 eo
610 3023 714 3083 loquitur
732 3020 858 3071 secundum
875 3024 928 3073 sen·

50 3080 158 3127 tentiam
169 3082 313 3138 Stoicorum,
328 3082 460 3144 expositam
471 3100 512 3146 per
521 3084 677 3148 Chrysippum
690 3086 714 3133 in
726 3084 782 3133 loeo
790 3102 875 3147 ,quem
883 3106 929 3138 tto-

51 3140 91 3189 bls
103 3142 202 3190 serravit
213 3144 315 3192 stobaeus
328 3148 379 3194 liel.
388 3146 453 3209 Phys.
467 3162 519 3210 pag.
527 3157 564 3207 42.
583 3150 606 3196 d<
618 3148 763 3197 cleomedes
775 3150 825 3197 init.
840 3166 890 3213 cap,
902 3168 929 3210 3.

53 3203 126 3277 libr.
140 3206 251 3278 sibeotiae
262 3209 372 3271 Cyelice.
404 3212 535 3258 Fatendum
545 3212 615 3275 igitur
630 3210 662 3259 est
677 3246 684 3265 ‚
699 3212 809 3269 Balbum,
824 3212 872 3263 live
883 3232 928 3277 po·

55 3276 104 3313 trus
116 3271 257 3319 Ciceronem
268 3272 361 3335 ipsum,
378 3274 454 3321 lecum
467 3273 541 3335 ipsum
557 3289 606 3321 non
622 3274 778 3338 undequaque
792 3280 927 3327 eorrrerrisle

54 3326 194 3391 debuere,
207 3336 232 3383 dt
245 3334 293 3383 bne
304 3337 462 3384 contratbstio
472 3335 562 3385 videtur
575 3336 633 3387 mihi
649 3338 714 3400 posse
731 3338 828 3403 adiungi
844 3342 927 3389 multis

54 3390 129 3504 21⁰¹th
128 3408 196 3509 lquat
208 3397 251 3447 riri
259 3395 325 3448 dedii
334 3396 483 3451 observamur
498 3402 525 3453 in
534 3398 649 3467 operibus
658 3402 719 3459 thil.
732 3402 833 3455 austeris
843 3402 926 3453 nostri.

837 3542 875 3589 74.
892 3528 929 3579 Vel
