2296 3908
216 138 408 227 L‘rnerr
451 124 788 205 Securtnrtsse.
859 144 944 222 3209

64 246 185 389 ἓξὶἰὲξὶΐ,
203 250 252 326 qui
268 249 315 310 isla
336 244 477 320 credunt,
496 247 546 325 qui
566 245 682 326 quidem
701 253 799 306 contra
820 259 871 307 tot
883 254 945 312 trin
1077 250 1082 258 '

87 329 115 387 ‘rr
151 327 157 338 “
188 340 277 386 utem.
821 384 825 393 ,
888 328 895 339 ‘
994 330 1000 344 ⁶

106 402 175 462 XXI
207 403 370 465 .Vnrus
389 412 483 465 autem
498 400 565 461 illud
587 400 704 461 Catonis
724 397 880 460 admodum
890 398 945 461 sci·

64 489 131 541 tum
147 479 202 549 est,
220 481 270 556 qui
285 480 378 540 mirari
390 478 418 539 se
431 479 543 557 ajebat,
562 476 641 557 quod
661 494 721 537 non
743 477 844 536 rideret
861 476 943 536 haru-

62 557 131 633 spex
146 598 155 627 ,
173 557 345 634 haruspicem
366 555 432 616 eum
454 552 569 616 vidisset.
607 557 707 630 Quota
727 555 803 612 e'nim
820 568 944 631 quaeque
953 554 991 628 52'

63 651 110 703 ree
134 634 229 692 evenit
247 632 381 710 praediea
400 632 434 694 ab
454 631 506 692 istis
520 630 606 701 iant
627 630 649 690 {i
669 631 764 690 evenit
803 631 945 707 uippiam,

88 709 136 768 uid
150 707 240 770 afferri
252 711 358 786 potest,
378 727 427 772 cut
442 727 501 770 non
514 709 578 768 calu
591 709 621 768 id
634 703 780 767 evenerit?
826 718 862 766 tx
877 706 945 766 Prn-

64 726 138 855 ἕπῃ
156 784 221 854 cum
234 786 366 849 Annibali
386 786 461 864 apud
480 801 548 846 eum
570 784 701 845 exsulanti
721 783 872 859 depugnari
886 781 945 860 pla-
1015 799 1017 803 ·

64 873 161 932 teret,
180 864 298 940 negabat
311 864 338 923 se
351 863 470 939 audere,
511 863 570 922 uid
584 875 649 920 extt
670 859 856 947 prohiberent.
894 859 944 945 An

64 948 116 1008 tu,
135 938 244 1015 inquit,
263 939 420 1021 carunculae
438 881 564 1000 vituiinae
585 938 698 1010 mavis,
717 935 804 1013 quim
825 950 946 1012 tmpera-
991 940 1062 1007 Μ,

64 1015 125 1081 tori
139 1019 225 1075 veteri
242 1015 374 1080 eredere?
394 1014 495 1092 Quid?
516 1015 571 1093 lpse
586 1014 696 1086 Caesar,
715 1012 818 1072 ereum
840 1011 947 1074 isum-

67 1106 121 1150 mo
133 1091 274 1169 haruspice
288 1106 469 1164 moneretur,
488 1111 525 1152 ne
540 1096 569 1152 in
585 1094 710 1155 Atticam
733 1104 798 1150 ante
816 1088 944 1152 brumam

65 1168 293 1241 transmitteret,
318 1188 416 1230 nonne
446 1167 619 1231 transmifit?
652 1167 730 1247 qnod
763 1168 793 1230 ni
824 1165 948 1239 fecisset,

67 1250 167 1301 50un0
179 1245 211 1307 in
223 1247 291 1302 loco
300 1264 400 1300 omnes
413 1245 628 1305 adversariorum
643 1247 734 1320 copiae
748 1237 949 1309 convenissem.

68 1318 150 1394 Quid
166 1335 220 1393 ego
233 1316 408 1394 haruspicum
423 1315 547 1390 responsa
561 1337 806 1390 commemorem,
826 1317 949 1395 (possum
1047 1364 1049 1371 ,

68 1393 203 1471 equidem
216 1392 439 1468 innumerabilia)
461 1407 526 1468 quae
540 1404 589 1450 aut
609 1390 699 1452 nullon
720 1395 876 1452 habuerunt
888 1396 949 1455 exi-

34 1504 38 1509 ·
69 1474 133 1540 tui,
152 1478 201 1527 aut
212 1466 389 1528 contrarios?

112 1547 180 1604 Hoc
194 1544 269 1603 cirili
283 1545 355 1604 bello
372 1588 381 1615 ,
400 1543 438 1603 dii
450 1542 621 1604 immortales
638 1548 644 1602 !
674 1541 760 1619 quim
775 1541 863 1604 multa
874 1542 944 1606 luse-
957 1546 992 1612 53

70 1619 159 1680 runt?
176 1636 243 1708 quae
259 1621 338 1681 nobis
349 1622 378 1681 in
394 1621 534 1708 Graeciam
548 1616 667 1680 <¹Romi
682 1620 806 1695 responsa
823 1609 970 1699 hamum-‘¹
985 1610 1000 1662 ³
1015 1614 1099 1695 ΜΡ*

73 1716 140 1767 cum
156 1694 329 1757 mrffasunt?
350 1709 415 1776 quae'
429 1697 500 1757 dreia
519 1695 686 1774 Pompejo?
706 1700 809 1756 etenim
832 1698 877 1758 ille
895 1675 1008 1759 att-,⁸⁸⁹
1065 1714 1069 1723 ·

73 1773 197 1843 modum
224 1774 294 1833 extis
326 1775 355 1834 tr
371 1774 481 1834 ostentis
496 1774 668 1834 movebatur.
694 1772 762 1832 Non
777 1773 852 1834 lubet
865 1790 948 1834 com,

71 1867 253 1921 memorare,
272 1868 325 1909 rrec
340 1850 408 1909 veri)
424 1847 532 1909 necesse
546 1851 584 1909 est
606 1893 614 1920 ,
633 1851 683 1910 tibi
703 1849 878 1924 praesertim,
917 1852 949 1912 t‘ti

35 1988 38 1995 ,
70 1926 226 1997 interfuisti.
263 1926 351 1995 Vides
365 1940 461 1988 tamen
483 1928 580 1986 omnia
601 1925 659 1986 sere
681 1924 780 1987 contri
795 1971 804 2000 ,
822 1945 856 1988 ac
874 1927 902 1988 di

883 2004 948 2075 lint,

75 2190 78 2195 .
103 2171 142 2215 4⁹·
161 2161 213 2202 cem
227 2154 243 2200 ἁ
258 2153 343 2214 summe
356 2155 490 2216 haruspice]
519 2152 592 2218 Quod
607 2153 730 2200 immolanti
745 2168 775 2199 ate
813 2150 948 2216 &nostiam
980 2202 983 2209 ,

72 2219 134 2267 vide
150 2217 289 2266 Suetonium
304 2219 329 2265 in
345 2216 393 2280 Jul.
415 2231 465 2279 cap.
482 2232 518 2272 59·
544 2217 664 2265 Minucius
678 2216 745 2264 Felix
767 2221 789 2265 0
834 2226 892 2280 etp.
905 2222 947 2272 26.
978 2274 983 2279 ,

73 2286 139 2342 cejm
150 2283 234 2341 cesar,
249 2296 275 2329 ne
284 2293 333 2328 ente
341 2283 437 2327 tremam
450 2285 473 2326 in
485 2280 594 2338 ,Africam
610 2281 700 2340 navigia
714 2282 867 2326 transmineret
881 2313 889 2338 ,
904 2296 948 2328 u·

69 2346 144 2408 ‘teriia
154 2347 181 2396 sy
195 2343 297 2406 auspiciis
312 2346 450 2408 renitentibus
460 2376 468 2398 ,
478 2343 571 2405 sprevit.
602 2347 635 2390 Ee
648 2341 775 2400 facilius&
790 2345 908 2415 navigavit
917 2344 946 2396 ό·
1020 2362 1024 2370 ·

71 2409 140 2455 eicie.
174 2409 232 2454 Non
246 2405 294 2463 iam
305 2404 424 2462 monebo,
443 2419 527 2455 vocem
537 2407 628 2467 navu'gy'e
638 2403 765 2453 delendam
779 2402 853 2454 videri
867 2422 876 2462 3
891 2404 948 2456 reti·

74 2480 118 2519 net
134 2469 199 2516 enim
221 2469 354 2532 Cyprianus
370 2467 400 2517 de
416 2467 477 2519 ldol.
495 2473 556 2518 Van.
573 2481 623 2532 carp.
636 2482 657 2524 ς,
680 2479 705 2515 ut
717 2467 792 2516 animi
809 2465 946 2530 pendeam,

72 2531 132 2596 quid
143 2530 187 2578 irae
199 2527 230 2577 de
240 2546 264 2579 te
274 2528 302 2579 fit
313 2530 471 2580 statuendum.
502 2531 570 2581 Licet
579 2533 604 2580 in
614 2544 668 2579 eam
679 2542 771 2594 partem
788 2530 865 2592 magis
876 2528 947 2578 ineli-

74 2609 147 2653 nem,
163 2607 189 2645 ut
206 2593 293 2643 ruenda
308 2593 336 2642 fit
348 2608 440 2659 recepte
456 2593 548 2650 lertio,
567 2608 623 2642 eum
637 2598 702 2640 nevis
716 2597 740 2640 in
756 2595 849 2640 alteram
873 2596 946 2654 ripen

73 2661 148 2703 amerit
158 2659 281 2711 tremiscere
291 2654 377 2718 dixerit
388 2658 468 2706 Livius
478 2655 518 2705 lib.
527 2672 550 2704 x.
570 2669 620 2719 cap.
628 2672 650 2704 2.
668 2657 694 2705 &
703 2653 786 2715 eiaffem
797 2659 821 2702 in
833 2654 945 2712 African

70 2722 172 2781 trajicere
185 2717 225 2768 lib.
235 2733 301 2768 κω.
317 2733 343 2766 ca
362 2736 416 2776 ,η
433 2720 469 2768 sic
482 2721 507 2767 δι
518 2716 575 2766 alibi
585 2717 690 2780 loquitur
700 2714 944 2780 prestantiffimusille
972 2733 976 2740 ·

72 2781 179 2845 scriptor.
213 2733 437 2831 Attertelapbuntur
448 2781 603 2829 Minucius&
616 2780 765 2844 Cyprianus,
786 2792 865 2826 cuma
892 2782 944 2831 urie
1002 2775 1007 2787 ²

72 2847 101 2897 e
118 2845 214 2904 auspicia
232 2843 305 2894 renisa
321 2841 388 2900 fuisse
403 2842 511 2893 scribunt.
545 2846 658 2893 Ceterum
673 2840 760 2890 menda
775 2874 783 2897 ,
798 2838 841 2888 nisi
855 2839 944 2907 salet,

72 2908 138 2958 hunc
149 2907 271 2956 Ciceronis
280 2907 362 2954 locum
374 2905 481 2963 obfidet3
499 2906 538 2953 virt
548 2906 613 2954 eninr
623 2904 669 2959 est,
684 2914 709 2952 ut
717 2902 828 2964 summum
844 2902 945 2966 haruspi-

72 2985 133 3024 cem,
149 2968 254 3019 huminis
272 2971 371 3018 nomine
388 2984 438 3018 non
456 2968 569 3032 prolato,
583 2969 668 3018 dixerit
684 2965 770 3017 noster.
802 2964 943 3028 tegendum

56 3046 147 3100 puto,
165 3030 181 3079 ai
197 3035 305 3096 Spurinna
316 3033 431 3095 haruspice.
462 3036 533 3094 Supra
547 3030 587 3080 lib.
602 3045 622 3080 r.
643 3043 694 3093 etp.
708 3045 745 3083 52.
768 3034 820 3076 cem
835 3030 852 3074 S
881 3030 944 3083 rim

73 3098 172 3150 diceret,
188 3097 305 3142 timendum
315 3095 365 3156 effe,
380 3113 405 3141 ne
416 3098 442 3148 (φ
460 3095 570 3153 confilium
585 3095 611 3145 dy
620 3098 670 3141 vita
681 3092 782 3152 deficeret.
815 3095 837 3139 Α
855 3091 945 3141 iVale·

75 3159 137 3208 rium
150 3157 285 3208 Maximum
296 3156 335 3207 lib.
345 3172 365 3207 1.
381 3172 432 3221 cap.
445 3166 516 3216 ⁶213·
533 3154 574 3204 lib.
586 3170 649 3205 vrrr.
666 3168 718 3220 cap.
732 3170 770 3210 rr,
781 3170 803 3203 2.
822 3156 847 3204 iit
862 3156 947 3211 Sueto·

75 3222 142 3281 pium
152 3221 177 3270 in
190 3220 238 3284 Jul.
248 3234 299 3284 cap.
310 3228 346 3270 er.
363 3221 450 3270 similis
462 3218 559 3280 quidem
571 3217 652 3266 duetus
662 3215 695 3266 eli
705 3218 850 3275 litterarum,
865 3217 948 3270 nomi·

77 3297 158 3348 neque
169 3284 262 3348 propria
272 3282 353 3332 crebro
363 3296 508 3338 temeratum
519 3281 612 3330 librarii.
647 3282 729 3340 Davus

108 3362 145 3403 ςο.
162 3353 212 3394 vere
223 3352 246 3394 in
256 3349 298 3394 lece
311 3363 380 3393 omnes
390 3350 448 3404 vn]
468 3344 579 3409 vulgati,
595 3360 662 3391 unm
672 3347 696 3392 in
707 3347 776 3392 iteum
788 3375 795 3398 ,
808 3341 850 3390 sed
865 3355 948 3407 praet

75 3410 134 3460 Pali.
149 3413 174 3460 δι
185 3409 316 3459 editionem
327 3410 444 3466 lidorii,
459 3407 545 3471 inquo
559 3418 625 3456 extat
640 3407 742 3458 alterum
755 3423 762 3456 t
777 3403 857 3470 fitque
872 3405 948 3455 etiem

73 3477 97 3532 8,.
111 3473 226 3535 Vistolit,
241 3469 408 3536 n'lfiquqdis,
423 3473 558 3524 uniiuloee.
589 3473 682 3530 Gruter.
869 3527 910 3591 Q
937 3528 955 3578 ι

214 3556 216 3562 “
817 3542 854 3593 ,ζα
910 3541 951 3591 01Ι
