2296 3908
203 142 286 228 2976
390 142 455 209 Du
481 138 684 209 Nncunn
704 138 909 207 Duouuu

52 262 149 331 pidem
207 246 288 325 quod
302 246 404 307 alrimal
417 248 447 306 in
461 265 498 305 eo
513 248 656 324 gignatur,
674 245 726 306 rid
742 244 866 307 &sensu
881 248 1035 319 acerrimo.-

54 337 174 399 quoque„
211 324 365 384 mobilitate
388 324 531 383 celerrima
545 320 609 381 effe.
645 326 743 399 Quare
765 320 832 383 cum
854 323 887 383 in
904 324 1011 385 aethere
1091 344 1114 403 qr

56 387 123 499 ἔξω
133 387 197 495 “ms
210 402 377 477 gignantur,
398 399 616 459 consentaneum
632 400 670 459 est
686 442 696 467 ,
721 401 752 459 in
765 401 798 459 iis
811 399 927 461 sensum
951 398 1035 463 ineffe
1055 409 1056 416 ’
1093 418 1115 461 rr

58 462 170 565 242⁰?oe
191 478 429 552 ‘intelligentiam
468 496 504 536 ex
522 494 581 553 quo
602 476 745 547 efficitur,
769 476 801 535 in
821 476 951 539 deorum
974 496 996 539 n
1020 505 1048 528 ιι-
1099 478 1115 537 d

124 548 132 565 '
210 554 277 615 astra
291 552 344 613 elle
359 552 495 613 ducenda.
967 570 972 577 ·
1105 572 1115 611 a

252 631 331 689 XVI.
349 630 427 689 Eun
437 648 509 687 uun
526 629 592 688 licet
606 629 701 689 ridere
715 629 840 689 acutiora
855 629 980 706 ingenia
1009 632 1037 693 dc
1109 631 1115 687 i

214 707 425 783 intelligendum
440 707 547 780 aptiora
560 724 679 775 eorum,
698 708 748 782 qui
766 719 852 765 terras
873 708 1008 769 incolant
1025 724 1056 789 ᾳ
1111 730 1115 763 ι

216 785 247 841 in
262 784 359 860 quibus
374 788 421 841 a'e'r
434 782 465 841 stt
481 800 562 856 purus
589 800 621 841 ac
645 784 753 851 tenuis,
772 782 862 860 quim
887 784 1030 855 illorum,
1047 817 1049 832 ·
1078 838 1081 843 .
1111 803 1115 842 ι

170 884 206 947 43
219 872 330 919 utantur
345 857 429 919 craffo
449 859 520 918 caelo
539 870 623 935 atque
645 872 788 919 concreto.
826 861 1005 935 Quinetiam
1044 891 1056 910 u
1112 879 1115 919 :

217 955 277 1012 quo
299 950 401 1006 utare,
420 933 548 994 inteteffe
568 936 670 1011 aliquid
693 935 728 995 ad
748 938 851 995 tnentis
871 938 974 997 aciem
996 956 1014 1015 p
1113 954 1115 963 ·

216 1013 360 1072 Probabile
375 1012 522 1087 elligitur,
542 1014 716 1087 praestantem
729 1012 953 1087 intelligentiam
967 1016 999 1073 in
1011 1014 1038 1073 d·
1048 1047 1060 1062 ·

216 1090 267 1148 bus
281 1086 351 1159 elle,
370 1107 435 1165 quae
451 1092 480 1146 dc
496 1090 645 1147 aethcteam
661 1089 760 1148 rnundi
773 1101 884 1163 partem
899 1090 1047 1159 incolant,
1060 1125 1066 1134 „

216 1166 329 1224 marinis
361 1168 528 1241 terrenisque
549 1165 824 1239 humoribus‚longo
846 1166 1005 1249 intervallo
1047 1172 1083 1215 ω’

218 1242 325 1309 nuntia,
345 1242 458 1302 alantur.
499 1242 613 1301 Sensum
628 1254 721 1300 autern
736 1241 872 1301 astrorum
911 1256 1003 1320 atque
1036 1271 1060 1294 n·

219 1317 361 1392 ligentiam
378 1318 500 1378 maxime
515 1319 633 1378 declarat
646 1318 718 1377 ordo
738 1334 837 1377 eorum
859 1330 953 1395 atquc
981 1336 1017 1381 co
1039 1329 1050 1369 ’ν

221 1394 268 1453 tia.
306 1395 374 1455 nihil
388 1396 425 1454 cst
439 1398 515 1455 enim
533 1437 541 1464 ,
560 1394 638 1470 quod
664 1396 772 1453 ratione
804 1394 983 1455 &numero
997 1414 1042 1457 mo
1053 1427 1061 1442 ¹·

222 1470 305 1546 poffit
316 1472 372 1531 fine
386 1473 502 1531 consilio
518 1492 525 1530 :
545 1473 647 1548 inquo
661 1470 729 1529 nihil
743 1469 781 1528 est
800 1474 994 1533 temerarium
1009 1516 1020 1547 ,
1042 1499 1050 1524 u

224 1549 352 1616 varium,
369 1549 438 1607 nihil
450 1550 607 1608 fortuitum.
649 1547 730 1606 Ordo
744 1557 840 1605 autern
857 1546 989 1609 fiderurn
1003 1593 1015 1621 ,
1029 1547 1064 1609 δι’

126 1683 134 1701 ‚
167 1679 176 1700 ,
223 1626 304 1683 omni
319 1626 472 1684 aeternitate
486 1624 661 1694 constantia,
682 1641 776 1699 neque
795 1632 932 1685 naturam
955 1626 1054 1703 fign'·
1085 1634 1095 1663 ¹'

225 1700 301 1759 5²est
315 1703 390 1759 enim
405 1701 485 1776 plcna
499 1702 627 1771 rationis,
647 1718 740 1777 neque
755 1700 902 1761 fortunam
922 1744 933 1773 ,
954 1720 1021 1780 quae
1044 1700 1076 1768 ns

224 1793 256 1835 ca
271 1778 396 1837 varietati
411 1778 591 1841 constantiam
607 1777 715 1851 respuit.
754 1776 885 1853 Sequitur
902 1796 996 1856 ergo,
1013 1776 1071 1857 utffi
1087 1816 1091 1823 ·

225 1851 271 1911 sua
286 1853 400 1929 sponte,
420 1854 469 1912 suo
489 1854 566 1913 sensu
591 1873 624 1914 ac
637 1853 781 1913 divinitate
794 1868 986 1917 moveantur.
1084 1857 1087 1872 *

182 1939 221 2010 '44
265 1927 327 1989 Nec
355 1929 423 1989 vero
451 1930 610 1990 Aristoteles
639 1948 699 1990 non
719 1928 872 1990 laudandus
892 1932 927 1990 in
953 1950 1010 2001 eo.
1033 1961 1060 1982 o

225 2008 345 2077 omnia,
366 2024 431 2083 quae
456 2021 631 2077 moventur,
651 2020 699 2066 aut
724 2004 821 2065 natural
842 2010 963 2069 moveri
985 2029 1028 2071 c..
1048 2037 1056 2057 t
1097 2032 1102 2057 ι

224 2095 273 2140 aut
285 2084 331 2151 vi,
351 2094 399 2143 aut
412 2084 572 2143 voluntate:
594 2084 703 2142 moveri
717 2096 810 2141 autem
823 2080 940 2154 solem,
961 2088 1020 2147 &l
1034 2117 1036 2138 ι
1059 2115 1060 2135 t

224 2158 257 2218 ἃ
270 2158 356 2221 lidera
368 2162 481 2221 omnia:
501 2180 567 2239 quae
580 2174 674 2221 autern
688 2158 786 2219 naturt
805 2176 1000 2225 moverentur
1015 2206 1025 2237 ,

256 2417 294 2459 52.
310 2402 349 2463 Est
359 2404 416 2453 eninr
428 2405 491 2467 plena
507 2406 618 2464 antonin]
644 2404 741 2453 Videtur
757 2400 889 2467 legendum
899 2438 909 2461 ‚
927 2404 962 2465 est
969 2408 1028 2455 uin
1042 2435 1054 2440 A.

221 2468 322 2516 carlonis.
339 2467 386 2515 hoe
398 2470 463 2515 enirn
480 2465 596 2530 fignificat
617 2472 653 2517 M.
670 2468 781 2519 Tullius.
805 2479 836 2514 ex
853 2466 948 2519 ordine
964 2468 1079 2519 fidem!

222 2526 357 2578 constantia
366 2544 385 2577 a
403 2530 474 2580 unbili
484 2533 510 2580 dc
523 2543 633 2595 perpetua
644 2530 714 2580 facile
724 2529 826 2592 intelligi
841 2528 911 2591 porse
923 2564 932 2588 ,
951 2530 1030 2583 tidem
1047 2545 1081 2570 ·

224 2588 279 2639 effe.
313 2544 407 2655 Nam}
417 2594 469 2656 quis
479 2593 561 2651 dicat,
577 2608 632 2642 eum
642 2592 752 2643 ordinem
764 2606 867 2664 eumque
878 2594 1046 2645 mnstmrten
1055 2604 1081 2643 ι·

224 2653 279 2702 turi
287 2654 406 2713 constare,
422 2669 504 2705 notura
514 2656 547 2705 ull
559 2658 670 2719 drapo,
685 2658 710 2706 id
721 2656 860 2705 eilratlonra
869 2670 981 2721 expeto,
994 2660 1021 2709 dt
1037 2685 1039 2697 ·

224 2729 313 2766 nuntur
328 2718 391 2769 inter
414 2719 437 2768 se
452 2733 536 2769 natura
551 2721 577 2768 dc
606 2720 681 2777 rati05
712 2721 769 2769 cunr
783 2718 904 2775 dicimus,
944 2720 1054 2773 attalia

224 2779 311 2838 tione,
327 2782 375 2830 alia
385 2782 483 2838 naturd,
500 2782 667 2838 aliaforrund,
683 2782 730 2831 alia
741 2785 790 2833 διε.
810 2779 884 2842 liquis
894 2782 980 2835 altere
993 2798 1025 2835 ex
1069 2811 1070 2821 .

223 2840 323 2893 fortuni
344 2842 395 2893 fieti
408 2845 556 2899 contendat,
572 2844 670 2894 fortuna
686 2845 720 2893 est
735 2842 874 2893 inconstans
889 2847 916 2895 dt
929 2848 1010 2899 varie.
1041 2844 1087 2897 ch

223 2904 297 2967 igitur
307 2906 381 2956 fidcra
391 2920 442 2957 tarn
454 2907 562 2957 ordinat‘e
574 2910 599 2957 dc
610 2909 745 2957 constanter
754 2907 784 2955 ab
794 2906 930 2966 eternitate
949 2922 1086 2965 morem

226 2967 300 3030 idque
309 2984 388 3032 neque
401 2972 486 3020 naruti
501 2984 540 3020 ant
555 2971 653 3027 fortuni
667 2970 718 3019 fieti
732 2969 822 3034 poffit3
837 2967 873 3018 dii
888 2968 938 3021 fine
959 2970 1053 3025 neeeffe
1062 2970 1089 3023 d

224 3036 311 3081 Manet
324 3034 454 3096 scrupulus:
466 3048 522 3083 nam
533 3034 672 3082 Aristoteles
683 3033 770 3097 ubique
780 3046 892 3081 naturam
906 3033 973 3087 dicit
988 3034 1089 3089 effen*

223 3106 308 3143 natam
319 3098 344 3145 &
356 3094 495 3154 definitam,
525 3097 572 3145 hoc
582 3096 614 3144 est
626 3099 770 3156 croupulrrr
779 3098 804 3145 δι
815 3097 957 3155 durabat,
989 3114 1016 3151 nt
1031 3102 1090 3151 fon·

225 3171 284 3205 nam
295 3161 400 3206 iwanno
416 3162 442 3208 &
458 3160 550 3215 alpuni.
581 3158 796 3223 Respondebimm,
813 3159 847 3207 ila
864 3159 998 3213 Aristoteli
1015 3164 1087 3221 videi.

223 3216 288 3269 secus
301 3222 411 3269 zenonlr
425 3223 489 3281 euius
499 3221 540 3270 lric
550 3225 653 3271 rationes
663 3223 818 3285 explicantur.
850 3235 1010 3291 quemquam
1020 3240 1051 3277 ex
1061 3226 1090 3279 il.

224 3295 277 3345 que
291 3282 353 3331 infra
362 3284 483 3340 dicuutur,
499 3285 633 3349 intelligere
643 3286 710 3340 lieet.
729 3300 759 3334 ex
766 3284 902 3335 stoicorum
913 3285 1050 3347 sententia.
1064 3302 1102 3359 up

222 3352 302 3395 ruram
314 3342 419 3397 efferim
431 3347 553 3411 quandem
567 3348 704 3398 ordinatam
712 3351 739 3399 dt
750 3349 844 3399 rarione
852 3351 1067 3415 progredientur
1076 3352 1108 3421 lep

223 3409 322 3459 inferius
331 3411 403 3473 plane
413 3412 441 3460 dt
456 3408 541 3467 diserte
555 3412 612 3467 dicit
627 3415 724 3476 Cotta,
738 3424 849 3465 mutem
864 3426 919 3465 oon
939 3416 995 3469 effe
1009 3414 1103 3477 caeldi

224 3484 356 3541 expertem.
388 3474 488 3529 mli».

1013 3558 1050 3601 η.
1065 3498 1120 3727 &K
