2296 3908
161 122 165 129 ’
212 127 309 210 -3046
393 122 961 222 7111111111111111101111ἡ
1027 154 1048 169 0
1145 200 1148 212 Α

179 251 181 255 ’
230 234 419 313 putresceret,
436 239 560 298 animam
580 239 664 315 ipsam
686 257 738 316 pro
760 237 812 297 sale
834 238 928 297 datam
957 234 1025 296 dicit
1048 232 1101 298 esse
1145 221 1148 236 j

120 324 145 380 1⁹.
161 320 187 368 Β.
236 313 412 395 Chrysippus.
431 333 485 391 qua
499 315 626 393 pecude,
645 317 723 392 quod
738 329 795 374 erat
807 314 842 374 ad
863 313 1031 385 vescendum
1053 307 1106 372 ho'·
1147 320 1148 380 j

120 397 138 406 ’“
236 392 357 449 minibus
378 404 464 467 apta,
483 393 551 459 nihil
579 395 675 468 genuit
702 404 797 453 natura
825 391 990 450 foecundius.
1030 387 1107 466 Quid
1146 384 1148 412 ¹

238 466 445 545 multitudinem
480 470 698 544 suavitatemque
741 468 855 544 piscium
891 465 1012 527 dicam?
1041 460 1107 543 quid

153 555 159 575 ··
199 566 203 571 ·
238 543 356 602 avium?
377 545 522 624 exquibus
540 547 615 605 ta'nta
635 546 783 624 percipitur
804 545 929 620 voluptas
945 587 954 613 ,
973 555 1005 610 ut
1025 545 1108 604 inter·

237 619 308 694 'dum
324 622 442 680 Pron'oea
456 624 543 681 nostra
567 623 701 698 Epicurea
711 618 792 680 ¹suiffe
808 621 938 680 videatur.
959 621 1054 697 Atque
1063 622 1107 678 hae

137 759 139 763 ,
202 763 204 768 ,
239 713 277 754 11
297 703 458 784 caperentur
485 699 598 792 quidem
615 741 624 768 ,
643 699 694 758 nisi
713 699 864 757 hominum
891 699 997 756 ratione
1011 707 1012 710 ’
1025 712 1107 772 atque

238 772 362 833 sollertis.
399 793 569 851 quamquam
585 793 649 841 aves
684 776 812 844 uasdam,
832 775 966 843 dealbes,
987 775 1017 832 &
1033 774 1110 832 ‘osci-

91 908 108 942 ,
140 849 311 942 Μωῇεε,
328 863 359 908 ut
372 851 454 910 nostri
469 870 583 927 augures
599 794 758 929 appellant,
778 869 869 910 rerum
890 850 1110 932 augurandarum

91 907 139 1004 ΜΡ,
150 970 203 1004 w,
246 927 323 984 causi
337 925 390 986 esse
404 942 480 986 natas
494 941 509 972 ¹
518 931 654 1004 pratamus.

89 1005 103 1039 ‘'
182 1030 232 1082 1⁶1
286 1004 430 1084 jamvero
452 1006 590 1065 immanes
611 1008 639 1079 &
661 1008 729 1064 seras
748 1005 839 1064 beluas
860 1004 1043 1064 nanciscimur
1063 1023 1110 1063 ve·

242 1081 352 1149 nand0,
372 1093 402 1139 ut
418 1083 713 1150 81111111111111,ἃ
729 1100 907 1141 exerceamur
926 1083 955 1139 in
980 1081 1109 1140 venando

243 1154 278 1215 ad
290 1154 497 1238 'similitudinem
510 1159 615 1218 bellicae
632 1157 778 1233 disciplinae
797 1202 805 1227 ,
826 1162 978 1217 &utamur
999 1158 1110 1218 domitis

93 1263 208 1324 pensum
246 1232 512 1304 tic-conducendis,
530 1236 754 1312 ut'elephanris:
775 1236 916 1311 multaque
937 1252 971 1292 ex
993 1239 1110 1294 tearum
1140 1280 1144 1288 .

93 1314 166 1360 MSS·
245 1311 404 1384 corporibus
420 1314 565 1381 remedia,
586 1314 688 1372 morbis
728 1316 757 1371 &
779 1312 934 1370 vulneribus
954 1311 1110 1388 eligamus,

93 1421 110 1454 z
123 1403 224 1466 percepi.
246 1385 314 1443 ficut
329 1405 362 1445 ex
376 1389 538 1469 quibusdam
554 1389 674 1466 stirpibus·
702 1391 731 1448 Sc
754 1389 858 1458 herbis,
879 1388 996 1464 quarum
1012 1390 1111 1463 ‘utilita-¹

93 1469 205 1516 musedd.
246 1475 285 1520 tes
298 1463 444 1541 longinqui
459 1468 590 1541 temporis
612 1467 659 1524 usu
693 1467 722 1524 &
754 1466 952 1540 periclitatione
975 1465 1122 1540 zpercips

92 1529 185 1594 ΨΜ
247 1556 318 1599 mus.
356 1541 462 1600 Totam
476 1544 540 1602 licet
554 1545 651 1601 animis
665 1554 807 1617 tamquam
823 1543 907 1599 oculis
928 1540 1039 1600 lustrare
1060 1545 1113 1600 tel-

43 1621 45 1624 ’
93 1597 207 1706 mnia
228 1632 305 1673 ‘ram
332 1619 634 1693 mariaque³ornnia?
673 1634 767 1676 cemes
785 1620 843 1692 jam
872 1618 953 1692 spatia
983 1617 1110 1693 frugifera

9 1718 21 1724 -
93 1716 188 1766 ,em
246 1705 329 1768 atque
341 1696 473 1754 immensa
487 1713 649 1771 camporum
660 1696 840 1770 ,vestitusque
854 1694 1024 1752 densissimos
1033 1712 1113 1752 mon-

94 1781 219 1844 adaquad.
246 1769 342 1848 tium,
364 1772 501 1845 pecudum
524 1774 610 1848 pasius
627 1813 635 1840 ,
655 1784 714 1846 tum
736 1770 885 1829 incredibili
907 1770 997 1828 cursus
1011 1770 1113 1828 mariti·

188 1849 236 1904 162
249 1863 310 1904 mos
324 1845 470 1906 celeritate.
510 1851 572 1906 Nec
586 1846 654 1905 verb
668 1849 765 1922 bsupra
780 1861 896 1922 tetram,
915 1846 961 1904 sed
983 1848 1110 1914 etiamid

94 1918 111 1967 b
129 1933 223 1998 tanturn
247 1922 349 1982 intimis
364 1926 421 2003 ejus
438 1926 561 1983 ‘tenebris
583 1925 760 1999 plurimarum
784 1942 874 1983 rerum
890 1922 968 1996 ‘latet
984 1918 1110 1992 utilitas,

94 1981 233 2096 {⁰⁹52ssss
245 2000 313 2086 quae
330 2001 364 2059 ad
384 2000 461 2059 usum
480 2003 631 2060 hominum
651 2015 727 2071 orta,
747 2001 780 2059 ab
798 1998 957 2062 hominibus
976 1998 1039 2060 solis
1052 2001 1112 2062 ciu-

95 2113 209 2162 ΜΗ).
245 2090 363 2135 venitur.

96 2166 101 2195 ¹
124 2187 126 2191 <
255 2205 257 2208 .
283 2154 377 2214 LXV.
397 2153 518 2213 laurio
538 2153 625 2225 verb,
645 2153 722 2230 quod
736 2166 850 2230 uterque
864 2151 985 2211 veslrsrm
1003 2150 1110 2224 fortasse

244 2231 353 2304 arripiet
367 2231 400 2288 ad
415 2231 688 2305 reprehendendum:
710 2230 809 2299 Cotta,
828 2230 893 2304 ‘quia
910 2229 1064 2306 Carneades
1079 2226 1110 2286 li·

244 2306 340 2364 benter
353 2309 381 2365 in
397 2308 505 2366 Stoicos
517 2307 712 2367 invehebatur:
733 2306 871 2381 Velleius,
890 2307 954 2381 quia
968 2306 1037 2378 nihil
1051 2320 1109 2380 tam

244 2383 339 2441 irridet
361 2383 495 2457 Epicurus
520 2384 605 2459 quam
621 2382 829 2462 praedictionem
844 2383 1108 2442 rerumfuturarum:

246 2455 316 2519 111111
339 2458 448 2528 videtur
466 2460 510 2517 vel
533 2457 654 2517 maxime
675 2457 838 2518 confirmare
854 2464 866 2526 ‚'
883 2459 1002 2516 deorum
1018 2459 1110 2533 provi-

241 2535 336 2602 dentii
353 2535 454 2607 consuli
471 2537 549 2605 rebu's
563 2534 698 2594 humanis.
737 2535 774 2594 est
795 2536 869 2593 enlm
890 2533 1025 2610 protecto·
1041 2534 1111 2596 divi·

204 2667 206 2674 ,
241 2614 319 2672 natio
336 2654 344 2679 ,
363 2629 426 2687 quae
442 2613 533 2670 multis
553 2613 643 2680 locis,
663 2614 765 2681 rebus,
784 2613 953 2685 temporibus
979 2624 1109 2688 apparet,

242 2701 303 2748 tum
319 2689 485 2763 inprimis,
505 2703 564 2747 tum
581 2688 702 2746 maxime
717 2690 745 2746 in
761 2688 879 2761 publicis.

182 2773 249 2852 163·
286 2763 409 2843 38Multa
423 2780 539 2831 cernunt
552 2764 719 2843 haruspices:
740 2766 825 2824 multa
833 2782 945 2841 augures
952 2764 1110 2902 provideplp:

279 3061 314 3107 13.
333 3051 405 3104 Multa
414 3062 497 3103 cereum
513 3048 646 3112 haruspices:
663 3041 1112 3111 11111111111111111111111111111,

245 3120 316 3160 multa
325 3129 412 3174 augures
420 3109 548 3172 provident,
564 3129 613 3160 non
625 3112 738 3161 habentur
750 3111 774 3158 in
787 3111 842 3164 edit.
860 3107 953 3157 Gruteri
967 3139 974 3160 ,
990 3105 1029 3154 sed
1045 3111 1113 3155 re'vo·

245 3189 298 3233 cata
310 3176 359 3224 sunt
372 3175 385 3223 a
397 3173 501 3223 Davisio.
536 3177 620 3223 Malim
632 3191 711 3224 tamen
726 3177 860 3232 prevident,
876 3184 901 3219 us
916 3171 1002 3232 legitur
1019 3171 1044 3218 in
1055 3167 1111 3218 edit.

243 3237 345 3294 Aldina,
363 3254 411 3286 non
428 3237 492 3299 quod
505 3242 617 3299 providere
632 3235 741 3286 eo.sensu
756 3252 807 3283 non
823 3236 948 3296 reperiatur
968 3233 1112 3296 quibusdam

176 3321 178 3325 ·
241 3302 301 3352 loeis
318 3301 378 3361 apud
396 3301 556 3363 Ciceronem,
577 3301 658 3351 veriam
674 3316 701 3349 ea
720 3297 828 3346 videntur
845 3298 902 3346 mibi
918 3293 965 3344 effe
981 3304 1111 3356 corruptae

241 3363 300 3427 puid
315 3366 378 3412 enim
395 3363 464 3410 causa
481 3361 556 3417 esset,
573 3365 604 3412 ob
620 3379 691 3427 quam
709 3362 833 3417 Romani,
849 3361 888 3424 qui
906 3359 1015 3408 accurate
1027 3359 1113 3427 loque·

240 3427 337 3489 bantur,
352 3427 522 3476 confunderent
535 3425 583 3475 sine
603 3425 738 3475 nreeffitate
757 3424 845 3476 verba,
862 3437 963 3482 quorum
976 3423 1048 3484 origo
1063 3436 1112 3470 tam

234 3491 355 3579 fflsssssiffl
365 3487 564 3572 fignificatipueup
574 3491 603 3565 sip
614 3490 708 3572 raibpitl
724 3492 835 3544 Praeterea
848 3487 932 3542 cicero
944 3485 1113 3628 d‘b‘bffi:
