2296 3908
203 134 284 204 34¹0
391 60 853 178 ··Dr·:1.eorrrus

203 220 265 295 Qui
279 228 372 279 autem
393 232 453 277 non
473 217 575 287 sentit,
598 216 792 276 auctoritatem
812 232 948 277 omnem
975 217 1093 297 optima}

202 299 276 356 tium
291 295 456 355 tabellariam
471 294 561 369 legem
580 290 736 352 ablluliffe?
763 311 854 369 quarn
879 296 1012 370 populus
1031 298 1088 357 liber

202 390 360 448 numquam
382 370 568 430 desideravit:
600 370 675 427 idem
707 367 850 444 opprellus
879 372 1038 432 dominatu
1060 390 1090 432 ac

203 446 329 525 potentii
343 449 515 523 principum,
537 445 674 522 flagitavit.
712 445 810 521 ltaque
836 451 974 522 graviora
986 450 1088 543 judicia
1115 460 1118 473 ²

204 525 241 585 de
256 525 445 601 potentillirnis
465 525 624 582 bominibus
637 526 666 563 ⁶0
675 522 778 583 exstant
800 542 921 594 voces,
943 543 1033 601 quam
1052 526 1110 585 ta·'

203 600 292 660 bellae.
330 600 524 675 eramobr'em
537 598 698 673 suffragandi
712 598 797 657 nimia
811 601 905 660 libido
922 603 954 659 in
973 601 1088 661 nonbo·

203 678 245 737 nis
260 677 343 736 causrs
357 676 495 753 eripienda
510 677 561 735 fuit
580 676 760 751 potentrbus,
780 694 843 735 non
867 679 976 736 latebra
1000 678 1086 737 danda

205 756 328 829 popnl0,
348 755 444 831 inqua
461 796 469 820 ,
489 753 568 831 bonis
582 753 785 824 ignorantibus,
805 754 878 828 quid
893 755 1019 831 quisque
1032 756 1085 827 serr·¹

204 831 283 897 tirct,
305 830 400 888 tabella
416 828 543 888 vitiosum
560 828 709 887 occultaret
724 827 900 904 suffragium.

159 927 193 987 35
243 906 323 964 XVI.
345 906 496 975 ltaque
515 906 555 963 ilii
576 905 698 963 ¹ratiorri
719 922 810 981 neque
840 907 919 966 lator
942 908 1080 986 quisquam

56 990 194 1058 :tingatio-
207 982 244 1040 ell
257 984 407 1051 inventus,
427 999 480 1040 nec
501 981 596 1040 audior
616 998 750 1056 umquam
774 981 877 1041 botrus.
920 983 995 1044 Sunt
1014 989 1079 1047 enirn

56 1062 81 1095 ¹¹¹
94 1054 166 1101 Ml·
209 1072 338 1134 quattuor
352 1060 424 1134 leges
438 1058 598 1117 tabellariae:
619 1074 735 1133 quarum
749 1059 840 1131 prima
862 1059 901 1119 de
928 1062 1078 1137 magissnti·

208 1135 257 1192 bus
279 1135 462 1193 mandandis:
498 1151 530 1193 ea
558 1132 632 1191 ⁶¹est
653 1134 794 1209 Gabinia,
826 1134 884 1194 lata
910 1137 950 1195 ab
971 1140 1075 1199 bomine

206 1212 305 1286 ignoto
332 1214 362 1269 dc
387 1210 505 1271 sordido.
520 1278 523 1283 ¹
544 1209 642 1268 Secuta
655 1210 768 1269 biennio
784 1210 847 1287 post
865 1212 963 1273 Callia
980 1214 1073 1283 est,de

205 1287 301 1361 populi
311 1287 428 1362 judicio.
465 1285 527 1346 ead
541 1286 627 1345 nobili
640 1282 757 1359 homine
771 1285 825 1344 lata
841 1288 903 1357 eli,
926 1291 967 1350 L.
981 1291 1070 1360 Calin,

207 1363 270 1434 sed,
290 1382 357 1439 pace
378 1362 492 1423 familiae
518 1362 651 1432 dixerim,
672 1362 813 1421 diffidente
836 1362 855 1422 d
879 1364 987 1439 bonis,
1036 1382 1066 1424 ue

57 1481 74 1529 5
94 1442 201 1532 „palm
209 1440 290 1498 omni
304 1440 472 1501 rumusculos
492 1438 657 1515 tpopulares
677 1440 783 1497 ratione
804 1456 984 1517 aucupante.
1058 1472 1068 1487 ·

58 1532 109 1580 atti.
209 1516 287 1577 botris
302 1517 338 1576 est
353 1518 431 1576 tertia
453 1515 488 1574 de
505 1515 632 1592 jubendis
649 1515 751 1591 legibus
783 1526 815 1574 a'c
845 1519 1002 1591 vetandis,
1017 1520 1071 1579 iedl-

208 1593 271 1651 riofi
297 1607 380 1670 atque
404 1593 523 1670 improbi
537 1592 626 1678 civiss
640 1595 682 1650 cui
697 1610 732 1650 ne
747 1591 850 1653 reditus
863 1595 990 1671 quidem
997 1596 1074 1667 adboz
1115 1632 1118 1671 ι

58 1670 75 1703 ²
89 1653 178 1707 auferre
209 1686 278 1735 nos.
297 1670 410 1730 salutem
425 1670 441 1728 i
456 1670 535 1729 bonis
549 1680 640 1743 poturt
654 1666 780 1729 ²ailerre.
1103 1702 1109 1717 ·

5 1804 9 1810 ,
58 1720 135 1770 '‘⁴²²¹“
180 1782 199 1842 6
246 1747 315 1805 Uno
335 1748 364 1805 in
385 1763 485 1822 genere
505 1745 621 1820 relinqui
641 1744 783 1804 videbatur
801 1749 883 1807 vocis
896 1748 1088 1829 suffragium}⁸
1102 1746 1111 1803 -'

88 1860 106 1906 Β
134 1799 177 1908 33
207 1823 286 1899 quod
299 1823 354 1899 ipsc
368 1824 470 1881 Cassius
482 1834 651 1897 exceperat,
670 1821 873 1895 perduellionis.
914 1827 1006 1889 Dedit
1018 1829 1075 1888 buit
1106 1852 1110 1857 ·

107 1894 114 1906 '
153 1892 162 1911 ’
207 1916 321 1977 quoque
337 1897 445 1975 judicio
466 1898 571 1959 Coelius
592 1896 718 1961 tabellam
735 1939 745 1970 .
764 1898 793 1942 ⁶²
802 1898 964 1981 docuitque
985 1903 1073 1991 quoad
1114 1954 1118 1969 .

993 1983 1074 2051 vin,
1114 2040 1117 2061 ,

239 2140 278 2183 so.
295 2132 385 2183 Exdrnr
394 2149 467 2191 vocer,
478 2133 545 2199 quim
555 2134 655 2194 tabella]
670 2138 762 2186 contre
772 2133 832 2183 alias
845 2132 970 2186 editiones
989 2134 1073 2199 ample·
1114 2116 1118 2163 3

207 2192 234 2245 xi
244 2197 319 2245 sumus
329 2198 426 2247 Vistorir
438 2198 585 2256 restionem,
601 2213 673 2263 quarn
684 2198 771 2263 iipbilir
783 2196 883 2246 Palatio.
897 2201 959 2248 irem
970 2199 1028 2249 Aldi
1037 2212 1073 2248 rt·
1110 2190 1118 2267 l

206 2269 263 2306 tus:
293 2259 352 2308 acii
373 2262 426 2322 quis
445 2260 606 2323 introspiciat,
637 2261 741 2326 praeferet
759 2259 864 2308 nostrum
888 2263 995 2327 vulgatae
1010 2263 1073 2311 voris.
1111 2277 1118 2321 q

206 2321 327 2372 Gebhard.
358 2325 449 2383 exstant
466 2341 542 2378 vocer,
563 2327 740 2386 quatuordena]
772 2322 808 2370 Sic
823 2327 952 2377 Gruterus.
969 2322 1073 2390 vulgae.
1111 2327 1118 2367 l

206 2389 279 2444 vocis,
295 2384 361 2447 quod
371 2388 429 2436 mini
441 2386 537 2450 quidem
549 2389 633 2436 rectius
647 2387 744 2436 viderur.
776 2393 811 2434 rra
821 2384 909 2448 sopra,
927 2390 986 2437 nibil
995 2388 1072 2447 arsut·

205 2451 238 2493 rit
248 2450 271 2493 in
281 2448 393 2511 suffragiis
407 2466 457 2496 voce
472 2453 556 2498 melius.
587 2455 617 2499 Et
634 2453 745 2512 repetit-ur
760 2448 799 2497 lric
813 2450 882 2497 locus
897 2448 963 2501 insta
973 2464 1000 2499 ca
1017 2464 1074 2502 .rt.

205 2513 292 2571 quue
302 2528 364 2559 nunc
378 2511 404 2561 fir
416 2512 488 2571 illud,
505 2512 570 2573 quod
582 2512 596 2560 a
608 2526 632 2560 re
642 2512 730 2569 modo,
740 2513 829 2573 Quinte
842 2545 850 2567 ,
866 2512 962 2563 dietum
1025 2547 1033 2571 ,
1048 2523 1072 2561 ut
1107 2491 1118 2575 s

204 2572 284 2620 minus
294 2576 383 2623 multos
393 2574 480 2623 tabella
491 2577 643 2625 condemnet.
661 2575 734 2637 quim
747 2574 835 2624 lolebat
846 2590 904 2625 vox.
940 2576 1017 2639 Scheff.
1107 2592 1118 2661 p.

236 2644 274 2685 or.
292 2636 329 2695 Est
340 2642 452 2695 Gadium]
472 2643 522 2685 Lex
535 2643 629 2684 Gar-inii
640 2639 753 2689 tabellam
766 2637 883 2686 duntaxat
894 2639 921 2687 in
934 2636 1069 2704 magillrett'·

204 2694 246 2744 brrs
257 2700 362 2747 creandis
372 2700 449 2748 dabat.
482 2702 547 2761 caffid
557 2702 613 2750 vero
623 2716 716 2749 caurum
730 2714 777 2749 erat
788 2734 797 2757 ,
811 2714 835 2748 ut
850 2703 1030 2765 populus,citm
1040 2702 1071 2759 io·
1107 2700 1118 2777 l

203 2760 303 2813 dicaret.
319 2762 361 2811 nili
373 2766 398 2812 in
409 2762 575 2823 perduellionis
586 2767 702 2821 crimine,
718 2766 743 2812 in
754 2778 803 2821 orto
814 2779 899 2813 vocem
913 2767 1026 2827 reliquit,
1040 2777 1073 2812 ta·

203 2821 267 2872 belli
279 2827 418 2875 lenrcntirrm
429 2826 507 2875 ferrer.
541 2834 668 2875 aeternna
688 2830 766 2891 legum
782 2827 903 2876 lationi&
923 2824 1070 2892 abrogationi

203 2886 318 2936 tabellam
328 2890 401 2938 dedit.
436 2894 544 2945 tatiana,
567 2891 733 2952 perduellionis
753 2889 859 2945 indicio,
875 2891 944 2951 quod
962 2891 976 2939 i
993 2887 1070 2939 Caffio

201 2964 329 3012 exceptum
339 2953 421 3000 luerat.
455 2954 540 3000 Cicero
551 2953 581 3001 rle
592 2953 703 3002 Arricitrd
717 2968 723 2998 a
743 2956 820 2999 Videris
837 2956 861 2999 in
875 2954 960 3002 catellii
971 2958 1017 3007 iam
1025 2948 1071 2997 aar}

201 3028 284 3074 quanta
296 3016 326 3073 fit
347 3016 497 3070 sanitates,
526 3015 596 3078 prrmi
613 3014 737 3065 (iavrmrrrra‘
754 3018 814 3079 lege,
842 3018 927 3063 biennio
944 3034 1017 3065 arneto
1029 3012 1070 3077 ml

201 3075 276 3134 laffid.
309 3079 383 3124 l'r'dere
393 3081 443 3137 jam
459 3080 536 3124 videor
546 3082 648 3142 populum
664 3098 678 3125 a
695 3086 776 3126 denna
789 3081 940 3138 disjunctum,
956 3083 984 3134 ὁ·
997 3080 1070 3128 mubi-
1089 3076 1092 3085 ¹

199 3142 285 3184 tudinis
295 3146 384 3186 arsitrio
397 3158 429 3186 res
439 3147 547 3187 maximas
559 3160 600 3205 agr.
635 3142 737 3191 Turneb.

231 3208 270 3248 62.
287 3207 408 3266 Docuitque
418 3208 489 3265 quoad
500 3208 572 3261 vrxr'r,
584 3208 619 3266 fe,
638 3222 660 3251 ut
672 3210 794 3268 opprimeret
808 3211 829 3253 ί.
841 3207 969 3265 Popilium,
986 3207 1070 3267 necuiffe

171 3296 176 3303 -
199 3263 224 3312 (a
237 3266 333 3324 reipub]
350 3274 430 3316 menri
442 3267 490 3315 dies
507 3269 545 3314 lric
556 3268 586 3315 eli
600 3287 611 3317 a
623 3269 754 3324 Turreno,
770 3282 843 3327 quem
859 3268 966 3331 requitur
977 3271 1070 3321 Lambi-

197 3338 249 3375 nus.
274 3328 378 3388 vtrlgatis
391 3330 450 3378 nihil
462 3332 604 3388 intricatior,
621 3338 731 3389 daturique
743 3335 814 3391 quoad
824 3348 886 3377 vixit
899 3366 906 3387 ,
917 3338 959 3392 μά
971 3348 995 3379 ur
1006 3337 1071 3395 oppri-

198 3400 261 3435 meret
275 3392 348 3435 cairus
357 3396 471 3451 parntem,
487 3408 556 3441 nocuit
568 3400 592 3446 o
606 3402 681 3458 reipub,
704 3394 796 3458 Pighius
807 3394 1071 3445 emendationemlrerrt

195 3450 400 3519 9¹⁴0q¹¹01210bssti
417 3454 461 3507 otti
473 3457 540 3521 quod
552 3453 820 3525 putarnetrrenpotie,
834 3462 916 3517 deluit.
934 3456 1073 3587 tidem
