2296 3908
279 113 466 192 Lr-nnn
511 125 757 190 Pri-rnna,
870 135 948 210 apri

74 241 136 300 hori
162 241 261 299 timeat
281 238 378 299 omnia
398 238 620 316 providentem,
646 239 677 295 bc
705 237 899 311 cogitantem,
920 239 951 297 bc

75 316 364 384 animadvertentem,
385 317 415 375 bc
431 317 526 374 omnia
540 315 574 374 ad
588 315 615 372 se
631 311 766 387 pertinere
786 325 948 387 putantem,

73 385 216 450 t'uriosum
237 392 393 467 &plenum
409 393 516 467 negotii
530 390 637 450 deum?
969 461 991 469 *-

118 468 195 527 Hinc
210 468 286 527 vobis
300 468 401 527 exstitit
413 464 532 544 ptimllm
549 467 593 527 illa
608 464 694 525 fatalis
707 464 947 542 ne'ceffitas,quam
961 475 994 534 55
1064 518 1068 528 ,

77 544 236 613 εἱμαρμένην
250 545 356 603 dicitis:
376 557 423 615 ut,
443 544 577 622 quidquid
601 541 730 609 accidat,
751 543 778 600 id
795 559 830 599 ex
846 553 949 602 aeterna

75 621 192 679 veritate
229 619 426 698 causarumque
473 619 684 680 continuatione
712 614 816 676 fluxisse
845 618 949 678 dicatis.

75 697 186 770 Quanti
206 710 301 755 autem
323 696 385 756 haec
407 695 578 773 philosophia
600 693 758 754 aestimanda
787 693 847 762 est,
879 695 949 764 cui,

74 775 222 848 tamquam
244 773 355 832 aniculis
377 802 387 842 ·,
407 775 436 832 δι
452 774 484 832 iis
506 772 620 850 quidem
640 768 784 840 indoctis,
803 771 861 829 sato
889 768 950 830 fieti
1041 818 1044 825 .

73 849 222 918 videantur
235 846 352 908 omnia?
373 850 501 926 Sequitur
514 853 632 921 naturai
645 847 749 916 velita,
768 863 833 922 quae
848 844 949 906 Latine
985 859 988 864 ’

72 923 210 984 divinatio
224 924 338 986 dicitur:
360 925 416 1002 qui
438 938 514 985 tanta
533 926 723 984 imbueremur
742 921 949 998 superstitione,

72 997 97 1057 fi
112 1018 162 1059 vos
175 1000 269 1060 audire
284 1003 437 1072 vellemus,
457 1014 487 1060 ut
501 1001 670 1078 haruspices,
688 1015 820 1077 augureS,
832 997 949 1070 harioli,

75 1089 153 1136 vates
171 1079 202 1137 ὃ(
217 1078 390 1153 conjectores
404 1078 483 1138 nobis
496 1074 582 1138 essent
595 1075 714 1137 colendi.
849 1094 852 1099 ·

115 1152 145 1195 ⁸0
154 1154 208 1212 His
216 1155 367 1214 'terroribus
387 1155 421 1213 ab
441 1155 562 1231 Epicuro
582 1153 662 1213 soluti
688 1153 719 1212 &
742 1153 772 1212 in
791 1146 997 1229 libertatem56
1092 1189 1099 1211 ,ι

72 1230 205 1291 vindicati
220 1274 229 1302 ,
248 1248 302 1290 nec
318 1232 468 1290 metuimus
480 1248 550 1302 eos,
569 1247 640 1308 quos
655 1228 831 1304 intelligimus
844 1247 897 1288 nec
910 1227 945 1288 si·

71 1305 102 1363 bi
114 1305 218 1398 fingere
232 1307 317 1365 ullam
327 1307 503 1378 molestiam,
523 1323 576 1365 nec
589 1305 666 1365 alteri
679 1322 804 1381 quaerere
818 1324 825 1364 ε
847 1304 942 1380 &pie

71 1381 221 1460 laudeque
236 1383 354 1442 colimus
368 1396 494 1442 naturam
504 1382 692 1441 excellentem
717 1393 799 1458 atque
815 1381 943 1456 praellan·
966 1394 991 1445 lt.
1012 1382 1077 1447 mla

72 1469 145 1517 tem.
189 1458 243 1518 Sed
263 1457 347 1517 elatus
369 1458 481 1529 studio,
508 1464 629 1528 vereor,
646 1474 683 1519 ne
703 1457 812 1534 longior
833 1455 943 1521 fuerim
1049 1502 1055 1509 -

54 1532 142 1594 ·Erat
156 1548 251 1599 autem
261 1533 399 1603 difficile,
423 1552 484 1594 rem
511 1547 616 1594 tantam
642 1546 755 1618 tamque
777 1534 942 1671 praeclaram

72 1611 233 1671 inchoatam
248 1611 410 1686 relinquere.
447 1628 618 1690 quamquam
632 1615 763 1669 nontam
795 1609 887 1671 scendi
900 1627 943 1673 rata

72 1687 116 1745 tio
130 1689 199 1748 mihi
213 1686 339 1758 habenda⁸
361 1687 414 1747 suit
436 1686 525 1766 qul'tn
540 1685 678 1747 audiendi.

109 1763 187 1826 XXl.
206 1762 295 1822 Tun
317 1764 451 1823 corre
477 1765 619 1833 comitet,
639 1774 670 1821 ut
682 1762 809 1834 solebat,
830 1762 937 1842 Atqui,
952 1771 986 1844 57

69 1839 179 1916 inquit,
198 1840 306 1909 Vellei,
327 1838 377 1899 nisi
390 1853 421 1899 tu
434 1839 535 1918 aliquid
548 1835 672 1910 dixisses,
681 1840 750 1902 nihil
763 1838 826 1900 sane
840 1858 874 1900 ex
890 1858 939 1900 me
1043 1840 1049 1849 ‘

69 1914 186 1992 quidem
200 1917 294 1976 audire
315 1913 452 1992 potuisses,
490 1917 559 1976 mihi
579 1917 655 1976 enim
670 1927 800 1976 nontam
815 1915 894 1977 facild
907 1916 939 1978 in

69 2000 197 2052 mentem
217 1991 413 2062 veniresolet,
432 1996 517 2071 qnare
538 2009 637 2052 verum
657 1991 690 2051 stt
711 1991 831 2069 aliquid,
850 1991 938 2068 qulm

68 2086 155 2144 quate
170 2067 275 2128 falsum.
301 2068 390 2145 quue
403 2068 469 2129 'edm
481 2069 554 2144 saepe
561 2109 572 2139 ,
590 2073 672 2139 turin,
691 2066 756 2127 cum
768 2080 797 2127 te
811 2069 937 2128 audirem

67 2144 162 2220 paullo
189 2142 277 2216 ante,
297 2146 441 2222 contingit.
481 2147 575 2221 Roget
596 2162 669 2213 me,
688 2143 798 2220 qualem
819 2143 937 2204 deorum
1018 2172 1022 2176 ·
1087 2154 1090 2158 ’

66 2234 194 2281 naturam
209 2217 262 2280 esse
277 2221 392 2280 ducam:
413 2220 482 2281 nihil
494 2217 604 2280 fortasse
618 2219 808 2296 respondeam.
846 2223 936 2295 Quae·

65 2303 114 2364 re,
134 2305 268 2374 putemne
282 2297 365 2356 talem
381 2294 453 2370 esse,
472 2297 558 2373 qualis
571 2294 659 2357 modd
673 2296 691 2356 a
705 2309 734 2356 te
748 2295 781 2356 sit
794 2295 936 2374 expofitai

65 2373 134 2432 nihil
155 2374 246 2432 dicam
267 2374 336 2431 mihi
358 2373 444 2432 videri
464 2375 563 2433 minute
600 2373 646 2443 sed
668 2371 818 2450 antequam
839 2378 935 2448 aggre-

66 2448 134 2584 dia-rd
140 2449 176 2585 asd
188 2467 238 2537 ea,
258 2467 322 2528 quae
336 2447 351 2509 *a
365 2462 394 2508 te
408 2448 539 2526 disputata
558 2449 619 2509 sunt
633 2480 644 2520 ,
662 2449 698 2509 de
717 2463 746 2508 te
768 2448 826 2526 ipso
840 2449 934 2512 dicam

88 2543 115 2584 ur
159 2539 272 2585 entiam.

66 2542 86 2603 q
105 2601 150 2660 8ae
172 2620 188 2660 e
202 2603 278 2661 enlm
292 2601 328 2672 de
342 2602 379 2661 L.
392 2599 504 2673 Crasso,-
525 2601 676 2663 tfamiliare
690 2601 737 2662 illo
751 2610 821 2672 trio,
834 2601 933 2663 videor
947 2596 983 2674 58
1082 2662 1086 2668 ,

66 2619 259 2750 παάἰίέῃεὺω
273 2691 302 2737 te
315 2680 413 2766 togatis
422 2681 551 2739 omnibus
558 2679 615 2740 fine
630 2678 713 2739 dubio
728 2682 891 2746 anteferret,
901 2682 954 2740 &¹
974 2672 1089 2753 ΨΜ

65 2770 170 2828 paucos
191 2764 285 2814 tecum
308 2754 458 2830 Epicureos
480 2754 496 2814 e
516 2756 626 2816 Graecia
648 2769 828 2831 compararet.
860 2756 905 2816 sed
921 2739 996 2826 ,⁴²⁸⁸·

64 2829 143 2906 quod
157 2831 190 2890 ab
204 2847 241 2891 eo
253 2842 282 2891 te
296 2828 411 2892 mirifice
425 2831 501 2912 diligi
513 2831 716 2911 intelligebam,
735 2831 881 2970 arbitrablti
898 2831 930 2889 il-

94 3089 132 3132 το.
150 3083 319 3133 marmoribus
339 3085 366 3133 ab
384 3088 475 3138 laima
488 3085 581 3150 solnta}
604 3088 730 3151 Quantivie
753 3089 821 3154 pretii
835 3090 929 3143 viderut‘

59 3144 152 3204 lesbio,
166 3160 241 3212 quam
251 3148 382 3213 suppeditat
396 3154 447 3203 bis.
464 3151 576 3210 Elienfis5
592 3153 612 3201 is
621 3154 687 3203 enim
697 3151 828 3212 habendis
839 3158 928 3204 reunit-

57 3210 97 3256 bm
107 3210 134 3256 ab
144 3213 237 3270 Epicuro
246 3211 320 3269 soluti.
340 3210 443 3276 Respicit
454 3215 540 3264 Cicero·
550 3214 580 3266 ad
593 3214 736 3280 haruspices,
752 3219 928 3282 augureaalib't·

57 3283 118 3332 que,
135 3287 196 3336 quoa
208 3272 322 3324 colendos
332 3274 441 3332 dixerat,
455 3273 474 3327 si
490 3277 567 3328 modo
580 3277 654 3328 Stoici
670 3277 701 3329 de
716 3278 861 3333 divinatione
874 3294 930 3346 gan·

56 3336 145 3384 tientes
155 3334 295 3388 audirentur.
313 3339 395 3401 Daviss
428 3338 536 3390 Davisius
545 3339 674 3407 legendum
684 3344 847 3457 proponimus
863 3342 929 3392 rell·-

54 3399 137 3474 ribns,
153 3398 220 3461 qnod
229 3400 313 3464 repetit
324 3401 350 3452 in
361 3400 445 3450 Mssto
455 3402 576 3468 quodannn
592 3406 676 3456 ve'rum
711 3396 931 3475 sequenribmparet

54 3459 336 3528 nlbtletiemtaandem.
365 3467 465 3517 uentim
585 3482 589 3488 ·
900 3521 905 3530 ,,

434 3534 506 3587 aaa
519 3533 571 3578 m
581 3532 640 3581 'aab
843 3525 885 3580 lt,
899 3532 940 3577 cei
