2296 3908
226 126 754 194 LrnunT'enrrus·
850 128 937 208 3399

61 240 178 303 buculis
199 235 371 299 eruditorum
389 277 398 304 ‚
418 235 558 310 otioque,
585 251 644 292 non
672 230 814 291 ruodo-in
843 233 931 294 solem

66 334 151 394 atque
171 315 313 390 pulverem
330 355 339 384 ,
356 312 403 375 sed
424 313 452 369 in
473 311 560 385 ipsum
594 310 739 368 discrimen
784 309 931 385 aciemque

66 391 231 468 xproduxit.
270 389 344 446 Nam
360 391 389 446 δε
403 388 582 445 mediocriter
595 385 693 444 dodos
708 402 822 459 magnos
840 387 869 443 in
889 403 933 443 re·
945 398 961 434 ¹
973 382 1085 461 perdux&

66 469 175 546 publica
189 467 278 535 viros,
299 467 328 523 ὅ(
342 464 510 523 dottifflmos
522 464 650 520 homines
670 480 728 520 non
749 463 830 520 nimis
845 462 874 519 in
893 450 996 519 re-fllu

66 546 177 620 publica
191 542 326 608 versatos,
346 541 447 608 multos
462 555 687 597 commemorare
701 536 850 612 poffumus.
875 540 936 612 Qui

69 619 139 683 verb
157 634 270 698 utraque
284 634 313 675 re
328 617 489 684 excelleret,
510 628 540 671 ut
554 617 584 672 bc
599 614 836 673 doetrinaeuudiis
850 615 881 672 dc
894 631 937 672 rc-

70 696 161 771 genda
175 695 285 753 civitat'e
300 694 424 810 princeps
439 689 519 762 ellet,
539 693 598 766 quis
613 690 710 760 facile,
729 705 828 767 praeter
841 691 935 761 hunc,

73 773 192 843 inveniri
206 770 311 846 potest.
552 772 555 777 ’

113 848 178 919 Vll.
199 847 255 905 Ar
267 864 294 903 r.
313 847 418 904 Puro
437 842 567 920 polie‚&
580 843 693 921 quidem
708 844 826 920 aliquem
842 843 877 902 de
891 844 984 923 tri-'15
1065 914 1069 919 ,

70 927 123 987 bus
138 925 225 982 nobis.
263 923 316 981 Sed
330 940 430 997 perge,
449 935 623 996 utcoeperas.
661 923 703 979 M.
719 919 875 996 Quaesitum
890 922 941 995 igi·
980 952 983 957 ·
1098 930 1100 939 '

73 1014 119 1061 tur
134 1001 229 1071 abillis
245 999 300 1067 est,
337 1000 474 1057 laceretne
496 1015 582 1058 unum
601 999 629 1056 in
652 999 762 1056 civitate
783 994 837 1069 effe
853 997 941 1072 magi.

74 1078 211 1142 stratum,
231 1077 276 1134 cui
291 1017 387 1151 rebqui
401 1086 540 1157 parerent:
560 1073 639 1151 quod
659 1074 759 1132 errastis
781 1073 886 1147 regibus
899 1076 944 1130 in·

73 1154 170 1228 telligo
183 1148 310 1228 placuisse
324 1152 418 1210 nostris
434 1150 589 1226 majoribus.
632 1149 685 1209 Sed
698 1153 831 1226 quoniam
853 1150 944 1226 regale
968 1176 969 1185 ¹

76 1229 193 1288 civitatis
207 1246 312 1304 genus,
331 1228 476 1311 probatum
499 1227 664 1302 quondam,
680 1228 773 1300 postea
798 1244 856 1284 non
883 1241 942 1283 tarn

77 1308 173 1382 regni,
193 1306 279 1387 quim
293 1304 362 1378 regis
376 1303 446 1360 vitiis
462 1345 470 1371 ,
490 1304 662 1378 repudiatum
684 1304 745 1370 est,
765 1320 870 1360 nomen
885 1317 948 1361 ran-

78 1382 139 1442 turn
154 1381 290 1438 videbitur
312 1379 382 1454 regis
401 1379 590 1453 repudiatum,
610 1397 651 1437 res
672 1380 817 1447 manebit,
836 1378 857 1436 fi
875 1395 946 1437 unus

80 1456 211 1517 omnibus
228 1457 336 1535 reliquis
350 1456 542 1531 magistratibus
556 1455 708 1529 imperabit.

122 1536 217 1607 Quare
230 1550 283 1590 nec
298 1532 404 1607 Ephori
429 1532 636 1600 Lacedaemone
657 1531 712 1590 fine
725 1531 802 1589 caula
815 1530 831 1589 d
846 1527 993 1590 Theo-16

81 1618 192 1689 p'ompo
207 1607 460 1684 opposui'regibus,
481 1625 534 1667 nec
547 1607 620 1683 apud
634 1626 686 1666 nos
700 1607 852 1667 consulibus
864 1607 949 1673 tribu.-

83 1689 122 1748 iri.
162 1687 237 1745 Nam
258 1685 325 1743 illud
345 1685 459 1760 quidem
480 1684 592 1759 ipsum,
612 1683 688 1761 quod
710 1687 738 1743 in
753 1685 815 1759 jure
829 1683 950 1757 positum

85 1765 142 1831 est,
160 1763 242 1821 habet
255 1760 348 1819 consul
364 1803 373 1826 ,
392 1775 423 1818 ut
437 1762 462 1819 ei
483 1761 579 1837 reliqui
600 1761 763 1835 magistratus
785 1777 884 1818 omncs
903 1778 951 1834 pa·
1039 1822 1065 1837 Ι,

86 1853 181 1911 reant,
201 1851 319 1913 excepto
332 1838 459 1906 tribum,
479 1839 527 1913 qui
540 1835 600 1912 pbst
614 1837 748 1902 rexllitit,
768 1853 804 1894 ne
818 1836 974 1925 id,quod‚7
989 1826 1077 1878 ΕΜ
1098 1890 1102 1903 ,

84 1917 187 1985 ¹fuerit,
208 1911 294 1974 effer:
313 1913 370 1972 hoc
391 1916 467 1973 enim
489 1913 609 1989 primurn
625 1913 725 1979 minuit
740 1911 878 1971 consudare
894 1892 1007 1997 J'us,¹Pse
1025 1884 1103 1947 Μ

87 1992 165 2069 quod
189 1991 287 2049 exstitit
306 1990 385 2064 ipse,
406 1990 503 2066 quiin
524 2009 561 2050 eo
583 2009 642 2049 non
670 2003 831 2050 teneretur:
852 1988 953 2061 deinde

87 2068 167 2144 qubd
181 2069 270 2125 attulit
290 2067 421 2124 auxilium
443 2066 552 2142 reliquis
567 2084 626 2125 non
642 2065 730 2125 modb
746 2064 956 2139 magistratibus,

90 2145 136 2216 sed
151 2146 235 2202 etiam
251 2144 376 2219 privatis,
397 2142 499 2201 consuli
513 2160 572 2201 non
587 2143 749 2218 parentibus.

132 2224 171 2294 Q.
191 2221 327 2294 Magnum
343 2218 409 2277 dicis
422 2220 535 2287 malum.
574 2237 638 2287 narn
648 2261 656 2290 ,
676 2218 722 2285 illa
736 2217 1002 2293 potestatenara,17.

91 2298 208 2374 gravitas
232 2296 408 2369 optimatium
438 2296 560 2364 cecidit,
594 2294 788 2371 convaluitque
805 2297 850 2370 jus
863 2296 958 2354 multi·

92 2374 203 2432 tudinis.
222 2374 265 2430 M.
284 2373 353 2429 Non
367 2372 403 2431 est
419 2372 478 2439 ita,
498 2373 612 2446 Quinte.
654 2389 712 2432 non
735 2374 809 2431 eninr
827 2376 871 2446 jus
892 2371 959 2431 illud

92 2451 180 2522 lolirnr
194 2447 329 2523 superbius
344 2448 447 2522 populo
466 2490 474 2515 ,
504 2447 558 2505 sed.
571 2447 716 2506 violentius
740 2448 826 2506 videri
847 2446 956 2506 necelle

94 2539 152 2583 erat
173 2544 180 2582 ε
201 2525 259 2600 qud
280 2524 457 2659 posteaquinr
479 2516 589 2582 modica
622 2526 651 2583 &
668 2523 770 2599 sapiens
791 2526 956 2599 temperatio
996 2537 1021 2584 P.
1042 2535 1073 2591 ω

93 2602 218 2673 accellit,
241 2599 267 2654 3⁶
275 2618 379 2673 conver
390 2618 406 2659 a
419 2601 463 2672 lex
478 2600 508 2659 in
523 2617 621 2673 omme,
635 2600 680 2671 est.
945 2662 948 2669 ,
1105 2601 1107 2607 ’

885 2684 963 2748 Duell

97 2843 123 2891 bc
133 2841 180 2899 boc
189 2841 254 2905 quod
265 2839 306 2890 hic
314 2841 400 2892 (liceto
410 2826 500 2900 scribit,
515 2840 662 2907 disputabat,
678 2839 785 2898 utillud,
799 2840 864 2905 quod
876 2841 916 2892 lib.
925 2857 961 2892 re.

96 2904 127 2952 de
133 2905 256 3015 Scopulturis
267 2908 478 2961 commemoravit,
494 2906 618 2968 scripserat.
625 2906 728 2954 Dudum
735 2908 813 2966 potius
828 2903 933 2954 censeam
945 2905 960 2955 a

96 2984 153 3033 εγω
172 2965 273 3016 aliorum
290 2969 512 3023 ambulationibus,
538 2983 589 3029 quae
610 2970 719 3016 arborum
738 2968 878 3016 umbraculis
892 2982 960 3017 eram

96 3038 193 3095 opace,
210 3033 271 3087 utin
287 3031 416 3080 Academia
431 3036 456 3080 δι
472 3037 558 3092 Lyceo.
593 3035 658 3079 Nam
670 3030 710 3080 lib.
724 3046 745 3081 v.
767 3034 797 3079 cle
814 3030 914 3095 Legibus
927 3032 961 3079 ira

97 3095 243 3142 umbraculum
254 3096 339 3142 Cicero
349 3097 478 3156 usurparat,
493 3097 568 3153 cujus,
585 3096 680 3144 austore
691 3095 814 3143 Macrobio
826 3127 833 3149 ‚
850 3098 899 3140 hee
909 3108 962 3141 ree-
995 3098 998 3103 ’

96 3154 126 3219 ba
133 3155 197 3267 sunb
213 3161 301 3220 anue,
311 3174 355 3223 qua
366 3159 442 3218 restant
453 3162 476 3204 in
486 3159 533 3205 allis
544 3160 641 3205 alborem
651 3161 792 3214 umbraculis,
805 3156 963 3221 persequamur.

51 3226 55 3234 ’
98 3225 178 3268 Turne
194 3230 227 3268 ue.
507 3255 510 3262 .

128 3290 165 3338 36.
184 3282 285 3345 conversa
296 3284 331 3329 lex
347 3286 371 3330 in
385 3289 473 3340 oannes]
501 3288 565 3331 Ante
584 3279 729 3330 tribunitiam
744 3281 882 3344 potestatem
899 3280 965 3344 opti·

98 3357 188 3406 mares,
205 3360 250 3401 ut,
267 3348 309 3407 qui
324 3345 366 3395 soli
382 3345 488 3394 conlules
509 3344 592 3392 fierent
607 3377 615 3399 ,
631 3347 656 3392 dc
676 3344 794 3393 consulem
817 3346 849 3393 lui
872 3344 964 3392 ordinis

99 3407 216 3456 fautorem
228 3408 353 3465 baberent,
368 3409 458 3471 legibus
470 3406 596 3471 superiores
611 3408 761 3470 regnabant,
777 3406 843 3471 'plebs
857 3408 904 3456 illis
919 3406 966 3455 ob·

100 3469 174 3535 offitia
189 3471 307 3553 agitabere
322 3475 405 3526 creatis
417 3471 788 3587 '‘¹bpmbfpnffpi,²,i¹¹⁰mm
800 3471 969 3585 Wenffiiebumta
