2296 3908
123 80 651 155 lsrnnnTnurruu.
752 88 836 173 ,30⁶9

47 190 139 257 citur?
158 198 229 272 Quo
244 195 334 276 modo
349 210 445 258 autem
458 195 515 255 hoc
531 239 540 266 ‚
562 194 638 274 quest
652 196 833 265 concedatur.

47 290 79 343 r,
97 271 167 332 nihil
186 270 240 331 elle
261 266 414 344 animum,
447 272 497 332 nist
519 272 642 349 ignem?
669 274 834 349 probabilius

48 348 178 419 videtur,
197 349 253 409 tale
272 349 404 427 quiddam
428 346 482 409 effe
504 350 645 409 ¹animum
662 392 672 418 ‚
691 362 723 409 ut
744 348 776 409 srt
797 362 850 411 ext
866 362 960 412 anime·

48 438 133 503 atque
154 426 249 485 anima
262 439 461 501 temperatum.
497 426 576 502 quod
596 426 617 484 sr
637 427 708 502 ignis
730 442 766 485 ex
779 426 959 489 letemur-u·

47 502 131 563 uimrl
145 502 205 571 est‚'
219 503 294 562 nulla
314 504 341 562 se
362 504 413 563 alia
433 503 599 561 admiscente
619 517 715 561 nurum
734 544 743 571 ‚
762 519 835 577 quo-
844 491 921 540 W·

51 578 92 650 is,
112 578 178 638 edm
192 579 261 639 inest
274 580 331 639 inc
384 580 476 638 oribus
489 579 585 639 nostris
602 620 610 646 ,
629 578 713 638 efficit
728 592 759 638 ut
775 579 835 639 sen·

47 672 79 725 s,
98 672 158 717 non
173 654 283 731 potesti
303 654 360 715 see
382 654 469 714 estne
484 654 570 715 sensu.
588 656 674 715 rursus
687 656 786 715 eadem
794 656 838 716 di·

46 728 120 792 l'unt.
156 732 273 809 quidqui
311 731 349 792 est
371 733 473 801 enim,
493 732 571 809 quod
591 731 697 791 leuium
719 732 836 799 habeat,

46 804 114 869 :elle
128 808 167 867 est
182 808 279 868 sentiat
299 808 331 868 δι
351 808 549 884 voluptatem,
574 810 605 868 δι
627 808 780 868 dolorem:
800 808 837 869 nd

46 894 158 945 ,autem
173 884 255 945 dolor
268 886 386 953 veniat,
404 885 440 944 ad
456 886 578 944 eundem
593 885 677 943 etiam
692 886 835 945 interitum

46 978 68 1022 ε.
105 963 143 1022 ita
157 959 205 1032 fit,
224 973 255 1020 ut
268 980 305 1023 ne
318 962 415 1037 ignem
428 962 544 1039 quidem
558 961 667 1021 efficere
679 962 781 1039 poffitis
796 980 837 1021 ae·

46 1056 86 1099 m,
476 1082 479 1089 .

46 1114 80 1175 u'd
95 1113 194 1175 enim?
211 1134 272 1175 non
286 1115 392 1175 eisdem
407 1114 486 1174 vobis
495 1114 601 1191 placet,
614 1132 731 1175 omnem
740 1116 833 1193 ignem
848 1133 882 1194 37

46 1209 80 1251 us
92 1190 236 1269 indigere?
255 1210 309 1253 nec
323 1210 484 1269 permanere
498 1191 554 1251 ullo
569 1193 658 1252 modo
671 1190 764 1267 polle,
784 1193 835 1253 nifi
846 1210 871 1243 m
886 1198 952 1262 pastu

46 1286 68 1327 ·r-
86 1268 121 1328 ali
133 1281 227 1328 autem
241 1269 352 1339 solem,
371 1269 465 1327 lunam
482 1311 490 1337 ‚
514 1270 617 1346 reliqua
641 1270 706 1328 astra
739 1270 816 1345 aquis
830 1261 893 1342 fid·
907 1265 990 1317 Μ

46 1344 188 1418 lulcibus,
216 1344 268 1405 alia
282 1343 414 1405 marinis?
433 1362 552 1420 eamque
571 1344 678 1403 causam
693 1344 842 1408 Cleander

45 1440 67 1491 :,
86 1438 136 1481 cur
150 1421 176 1481 se
189 1419 228 1482 sol
245 1423 367 1491 referat,
387 1438 440 1480 nec
459 1420 567 1495 lougius
588 1422 775 1497 progrediatur
788 1423 841 1483 sol-

45 1496 140 1557 iotbe
160 1540 170 1568 ,
189 1499 315 1576 itemque
334 1498 474 1566 brumali,
500 1515 537 1556 ne
556 1497 663 1573 longius
683 1497 801 1559 discedat
821 1499 840 1560 l

81 1573 243 1635 locrorum
265 1575 346 1652 quale
367 1573 422 1644 stt,
443 1591 519 1633 mor.
558 1591 634 1633 nunc
654 1585 749 1633 nutem
770 1590 840 1636 con·

45 1651 171 1711 uutillud
188 1694 197 1721 ‚
216 1651 294 1728 quod
314 1652 425 1711 interire
445 1650 548 1727 polilt,
572 1650 601 1708 id
623 1663 759 1709 aetemum
780 1670 839 1714 non
862 1655 991 1707 numu

45 1725 139 1805 paturd
155 1746 162 1786 t
182 1729 277 1805 ignem
290 1740 383 1787 autem
397 1728 571 1786 interiturum
586 1725 657 1798 elle,
675 1727 727 1787 nist
739 1728 840 1789 alatur:

45 1802 100 1865 effe
114 1804 195 1881 igitur
211 1804 304 1863 naturd
317 1804 412 1881 ignem
427 1802 632 1880 sempiternum.

45 1880 71 1942 l.
90 1883 259 1958 Qunrrn
278 1894 372 1939 aurem
394 1880 479 1939 deum
500 1880 650 1955 intelligere
677 1898 730 1941 nos
748 1880 840 1957 pullu·
850 1876 887 1954 38
989 1912 995 1951 .-

46 1956 121 2018 nulla
143 1959 243 2017 virtute
268 1958 417 2033 praeditutn
432 1956 445 2015 ἓ
463 1956 542 2029 Quid
562 1956 666 2016 enim?
686 1960 843 2033 ³4pruden·

45 2052 75 2095 re
89 2034 144 2094 deo
157 2032 327 2093 tribuemus?
346 2051 412 2112 quae
432 2033 537 2092 constat
560 2050 594 2091 ex
614 2033 725 2093 scientia
748 2052 842 2095 rerum

45 2128 111 2171 rum
138 2111 169 2170 &
196 2110 347 2179 malarum,
368 2113 421 2180 ὃς,
441 2126 494 2168 nec
513 2110 649 2167 bonarum
665 2151 674 2179 ,
693 2112 845 2171 necmala-

45 2234 47 2244 .
86 2187 143 2246 Cui
158 2186 224 2245 mali
244 2186 312 2247 nihil
332 2186 393 2256 est,
419 2204 473 2245 nec
493 2183 547 2244 effe
567 2186 680 2261 potest,
699 2186 844 2262 quidhuic

61 2262 100 2323 est
120 2262 254 2321 ”delectu
273 2263 414 2323 bonorum
439 2265 470 2321 δι
485 2260 643 2321 malorum?
683 2262 730 2321 uid
748 2276 868 2324 autemn
883 2266 972 2321 dilectu

44 2338 102 2400 ue?
121 2339 189 2418 quid
201 2337 399 2473 inteffifsentia?
418 2338 515 2417 quibus
529 2338 633 2397 utimur
646 2280 682 2399 ai
694 2356 757 2399 eum
771 2336 904 2411 tem‚MS·
917 2335 944 2385 θ

44 2417 116 2475 vertis
137 2414 250 2476 obscura
269 2433 284 2474 a
306 2433 448 2492 equamur.
485 2427 514 2473 at
534 2414 679 2474 obscurum
700 2414 756 2475 deo
775 2397 927 2477 nihilm·

44 2490 142 2552 delle.
178 2510 244 2552 nam
254 2492 375 2568 justitia,
393 2510 458 2570 quae
471 2492 549 2550 suum
573 2491 674 2566 cuique
695 2491 841 2565 distribuit,

63 2568 182 2644 pertinet
207 2567 242 2628 nd
261 2568 356 2631 deos?
381 2569 530 2628 hominurn
574 2567 651 2627 eninr
684 2566 850 2631 societas&

44 2646 186 2713 munitas,
205 2656 236 2703 ut
251 2663 301 2703 vos
317 2646 404 2705 dicitis
421 2688 429 2714 ‚
446 2644 576 2721 justitiam
591 2645 755 2717 procreavit.
772 2658 848 2707 tenr-

44 2722 97 2781 ntia
111 2734 205 2781 autern
219 2720 324 2779 constat
344 2739 379 2779 ex
399 2718 639 2797 praetermittendis
660 2720 847 2797 voluptatibus

45 2798 116 2858 orit:
137 2798 182 2855 cui
197 2796 217 2855 fi
230 2796 308 2856 locus
322 2798 351 2855 in
367 2798 438 2861 caelo
451 2796 489 2857 est
505 2838 514 2863 ‚
534 2795 572 2855 est
593 2796 677 2854 etiam
699 2797 850 2872 voluptati-

72 2874 149 2932 Nam
163 2874 241 2932 fortis
260 2873 326 2933 deus
340 2874 453 2950 intelligi
473 2871 523 2948 qui
544 2871 662 2948 potest?
688 2873 717 2932 in
731 2872 851 2942 dolore,

44 2948 206 3020 ruborem
218 2951 248 3009 in
262 2949 535 3028 periculolquorum
549 2949 635 3010 deum
649 2949 718 3011 nihil
730 2949 854 3086 ιῑτίιιὲἰτκ

819 3044 855 3087 ec

44 3177 63 3231 n
73 3180 150 3231 multa
158 3180 289 3233 habeantur
299 3183 392 3241 alienu,
404 3193 494 3232 certum
505 3178 539 3233 est
548 3193 630 3232 tamen
640 3178 781 3247 scriptulae
791 3193 852 3231 eon·

43 3245 234 3309 eqoedmnon
247 3245 399 3311 aspernanda.
433 3250 547 3321 llouuae'er.¹
706 3306 712 3319 .

60 3310 227 3384 Pmdenriamne
248 3317 295 3359 Deo
318 3312 455 3369 tribunum]
484 3315 559 3384 llerttt
573 3307 657 3358 locum
670 3306 807 3385 §nnumin
820 3318 854 3357 el

43 3372 178 3491 ”1¹2AEer
179 3372 292 3499 Qnfffim
306 3376 331 3424 n
345 3374 411 3429 niter
424 3377 547 3437 inertum
567 3377 639 3437 χμὸυ
654 3388 751 3427 metr·
769 3387 854 3433 mn·

119 3456 138 3495 5·
198 3498 201 3502 ¹
241 3452 295 3503 M(

133 3502 137 3511 ’
716 3509 757 3557 15«
776 3492 858 3557 ‘is‘
