2296 3908
195 106 797 189 L:rnnn··Srn---c2ouousrr‚
858 130 941 202 prop

274 196 279 208 ἱ

63 218 226 300 Quiscrgo
240 221 354 299 adjuvat
376 221 540 301 divinatio?
560 234 608 283 aut
626 222 696 300 qnid
718 221 757 281 est
769 264 785 291 „
799 222 876 296 quod
890 242 945 285 me·
968 236 970 243 '
1039 274 1042 279 .
1060 287 1065 305 „

62 313 200 361 moveant
213 311 261 358 aut
273 299 373 370 sortes,
393 312 441 359 aur
455 310 535 369 exta,
558 311 641 358 ¹4aut
655 299 708 359 ulla
723 297 867 375 praedictio
885 299 897 358 i
917 301 949 361 sr-

62 374 244 439 minutum
267 377 347 447 sitit,
366 373 458 437 classes
477 376 574 453 populi
596 374 721 435 Romani
741 375 815 437 bello.
830 376 950 436 Punico·

61 450 175 541 primo,
195 451 308 515 alteram
325 454 487 529 naufragio,
506 451 651 515 atterama
673 452 766 513 Poenis
788 450 939 527 depressam

45 529 175 611 xtnterire
192 570 202 600 ,
222 526 327 589 etiamsi
356 530 508 606 tripudium
530 528 690 589 solistimum
712 529 779 605 pulli
800 527 942 603 fecissent,

63 604 101 665 L.
116 606 217 678 Iunio,
237 607 267 665 ὃ(
280 607 311 666 P.
326 607 429 667 Clodio
443 606 611 667 tconlulibus
629 602 721 667 clalles
741 617 837 665 tamen
858 608 944 665 inter-

62 679 154 743 issent
192 682 257 752 Sin,
277 682 342 743 cium
355 683 478 760 auspiciis
492 683 716 759 obtemperatum
738 681 828 751 esset,
848 683 961 762 interi-t
976 686 1070 767 mentre

62 768 136 818 turae
155 754 246 818 classes
261 778 320 821 non
335 761 471 830 suerunt,
492 778 551 820 non
572 759 733 846 interierunt
753 760 823 818 sato.
861 761 1092 843 vultisomntaonj.

63 846 161 905 ⁴tutem
176 836 289 895 tomnia
304 838 372 898 fato.
411 835 485 897 nulla
497 838 579 913 igitur
595 835 633 896 est
654 835 796 896 dirmatio.
853 876 856 881 -
950 843 1026 892 unt.

101 910 194 988 Quod
208 911 229 972 fi
242 913 330 989 satum
346 914 416 984 fuit,
436 912 509 973 bello
523 913 632 973 Punico
650 911 773 973 secundo
787 914 940 975 exercitum
950 923 985 966 21
996 924 1004 971 “.
1082 970 1084 977 .
1102 946 1106 955 ·

60 989 161 1075 populi
176 988 300 1053 Romani
312 991 348 1051 ad
371 992 463 1053 lacum
485 987 703 1055 Thtalimenum
724 990 852 1049 interire:
872 1009 941 1051 num
1042 1010 1057 1051 ·,
1098 1006 1101 1011 ·

62 1063 95 1125 td
109 1067 209 1146 *vitari
225 1068 317 1141 potuit
333 1110 342 1139 ,
359 1067 380 1127 si
401 1067 550 1127 Flaminius
567 1066 666 1127 consul
686 1067 718 1126 iis
734 1065 836 1142 signis,
853 1069 967 1146 iisquev
980 1059 1067 1147 ,ΨΜ

63 1139 206 1217 auspiciis„
227 1143 325 1220 quibus
339 1140 679 1231 pugnareprohibebatum
698 1142 847 1218 paruisset?
866 1127 1004 1227 certeis·

61 1218 165 1293 potuit.
204 1216 263 1279 Aut
276 1221 358 1297 igitur
371 1239 432 1282 non
452 1222 512 1281 sato
533 1220 636 1279 interiit
658 1221 818 1281 exercitus:
842 1223 943 1284 mutari

64 1291 143 1363 enim
159 1292 214 1351 sata
228 1310 287 1352 non
302 1293 428 1366 poliunt:
449 1304 496 1351 aut
511 1338 521 1360 ‚
540 1294 633 1353 sifato
660 1297 758 1373 (quod
774 1296 849 1356 cert&
864 1299 943 1360 vobis
995 1354 999 1367 ,

60 1362 104 1431 iu*
115 1366 265 1428 dicendum
282 1369 340 1442 est)
361 1366 467 1426 etiamsi
482 1367 694 1442 obtemperasset
705 1369 842 1442 auspiciis,
864 1376 941 1433 idem
997 1412 1007 1433 1
1083 1416 1086 1423 -

64 1441 349 1506 eventurumfuiffet.
389 1444 448 1503 Ubi
462 1441 500 1501 est
521 1443 531 1502 i
551 1443 604 1501 'trrr
623 1441 757 1505 divinatio
770 1444 817 1503 illa
833 1447 943 1507 Stoico·

62 1519 158 1580 rum?
178 1517 243 1598 quae
259 1562 267 1590 ,
285 1519 306 1579 fi
327 1522 386 1581 fato
408 1521 504 1579 omnia
546 1532 596 1579 unt
612 1560 621 1590 ,
640 1520 708 1580 nihil
723 1538 774 1579 nos
788 1522 950 1583 admonere

49 1595 182 1673 potest,
202 1609 234 1656 ut
258 1598 392 1661 cautiores
415 1594 504 1657 sitnm.
543 1612 661 1677 quoquo
682 1597 758 1655 enim
781 1599 869 1658 modo
889 1618 941 1660 nos

64 1669 250 1753 gesserimus„
278 1673 326 1734 lie't
345 1688 441 1734 tamen
461 1669 527 1734 illud
542 1690 556 1744 ,·
571 1673 648 1749 quod
669 1673 792 1735 futurum
816 1675 860 1734 cll.
901 1675 941 1736 fin

66 1761 163 1811 autem
177 1749 205 1809 id
219 1751 308 1825 potest
328 1750 419 1817 flecti,
438 1750 544 1810 nullum
567 1750 607 1821 ell¹
627 1751 725 1809 fatum.
761 1751 798 1815 ita
820 1769 856 1815 tre
869 1751 941 1813 divi·

66 1828 145 1887 nario
159 1827 292 1903 quidem,
312 1830 446 1907 quoniam
463 1845 496 1886 ea
510 1845 601 1887 rerum
618 1827 770 1889 suturarum
787 1829 832 1887 est.
862 1830 940 1890 Nihil

66 1914 161 1961 autern
177 1903 214 1962 est
228 1921 279 1980 pro
296 1916 375 1965 certo
389 1906 531 1974 futurum,
550 1903 632 1981 quod
650 1898 738 1980 potest
760 1906 851 1983 aliqua
873 1924 952 1984 pro·.

68 1979 211 2040 curatione
225 1982 350 2043 accidere
366 1999 402 2040 ue
417 1980 472 2040 fiat.
523 2032 526 2037 .
613 2014 616 2019 ι

105 2054 157 2115 ΙΧ.
176 2055 314 2128 Arous
335 2075 389 2134 ego
403 2075 440 2120 ne
453 2055 550 2121 utilem
566 2055 681 2135 quidem
695 2056 809 2118 arbitror
824 2058 1072 2124 elseno-l’·01111·

68 2130 108 2203 bis
119 2134 273 2192 suturarum
288 2152 379 2193 rerum
396 2134 547 2193 scientiam.
584 2137 660 2209 Quae
682 2135 758 2193 enim
781 2135 984 2199 vitasuilser22
1013 2188 1016 2193 .

66 2206 196 2277 Priamo,
216 2209 285 2267 fiab
304 2210 485 2271 adolescentia
499 2206 608 2280 folles,
634 2228 706 2285 quos
727 2226 841 2270 eventus
862 2212 943 2272 sene·

46 2278 51 2299 '
69 2281 149 2342 &cutis
163 2284 229 2345 esset
242 2285 400 2345 habiturus?
420 2285 562 2345 Abeamus
575 2285 591 2344 a
610 2286 705 2345 fabulis
720 2305 728 2344 t
755 2289 883 2364 propiora
898 2292 940 2350 vi·

68 2360 193 2431 deamus.
231 2361 447 2422 Clariffimorum
462 2363 611 2421 hominum
626 2362 725 2422 nostrae
749 2365 864 2424 civitatis
877 2368 946 2442 gra-'
1045 2414 1049 2425 r

67 2436 191 2497 viffimos
209 2439 297 2498 exitus
311 2442 339 2499 in
354 2437 552 2499 Consolatione
565 2439 735 2517 collegimus.
755 2434 946 2518 Quidlgituri'

67 2523 101 2583 ut
115 2515 279 2575 omittamus
297 2515 472 2592 superiores,
499 2517 636 2576 Marcone
658 2512 752 2576 Crasso
774 2529 851 2592 putas
865 2520 939 2581 -utile

68 2587 168 2660 fuisse,
187 2600 247 2650 tum
258 2625 275 2667 ,·
286 2590 351 2656 cum
367 2591 494 2653 maximis
502 2592 599 2679 opibus
612 2594 783 2671 fortunisque
812 2592 939 2730 florselyau
988 2638 991 2651 .
1068 2588 1072 2596 ’

286 2696 296 2705 ·
358 2718 369 2723 -
867 2688 939 2744 erre,
999 2685 1032 2740 Q

102 2903 140 2948 14
158 2888 266 2939 murum
275 2887 383 2949 purior·
393 2892 417 2946 a]
431 2885 480 2935 rar.
489 2901 524 2951 pr.
535 2890 561 2940 a
572 2876 781 2938 tribunitium.
799 2902 849 2936 non
865 2887 951 2940 mate·

66 2963 128 3013 nam
138 2949 221 3008 dicere,
230 2950 699 3015 estApollinis‚vatum,oraculorumque.
712 2950 743 2999 fic
750 2948 815 3014 supra
825 2950 866 3001 lib.
875 2967 893 2999 r.
900 2966 941 3003 ca-

66 3014 161 3131 {imos
171 3013 252 3088 futura
261 3016 363 3089 dicebant.
381 3015 405 3063 &
412 3026 463 3078 cap.
474 3013 593 3076 sequenti:
610 3017 726 3091 conjubilare
737 3029 782 3076 qua
792 3012 940 3075 effrutsutura

68 3076 943 3213 assaffl‘ll‘lssusssfu,ffssssssllsillslas'lstll

67 3196 143 3268 Janus
154 3203 311 3254 Gulielmius:
327 3202 383 3252 licet
392 3217 457 3252 emm
468 3203 553 3253 Cicero
568 3201 659 3255 vatibus
667 3202 748 3262 smera
762 3204 831 3251 diem
841 3203 937 3261 tribuat,

67 3272 189 3340 nusquam
200 3280 282 3317 tamen
291 3266 353 3330 apud
363 3265 478 3315 hunesoli
489 3265 599 3340 ‹listionis
610 3266 664 3315 voci
679 3264 824 3342 poteslasea
839 3263 884 3316 suit
891 3265 937 3315 ad·

64 3326 167 3393 scriptas
183 3344 242 3385 narn
251 3327 322 3380 falsus
331 3327 363 3378 est
375 3332 501 3385 Gmterus,
515 3344 556 3392 qm
566 3331 636 3376 dicere
645 3326 677 3377 lic
687 3328 805 3379 intellexit
815 3327 935 3394 msracap.

69 3406 109 3450 52·
125 3395 226 3447 interim
235 3391 295 3442 milri
305 3406 356 3443 non
368 3392 443 3448 later,
457 3394 571 3440 aristionem
581 3403 625 3456 pro
635 3390 732 3443 oraculo
741 3390 859 3443 vermibus
866 3389 938 3442 ufita·
993 3412 996 3417 Α

66 3452 205 3533 tamfuisic.
223 3455 282 3510 Vide
292 3453 370 3535 mois
380 3455 475 3508 Livium
484 3455 596 3512 lib.r111.
611 3469 708 3524 capra.
740 3456 823 3519 Davis.

861 3529 896 3575 ις,
908 3520 938 3567 ln
