<?xml version="1.0" encoding="UTF-8"?>
<!DOCTYPE html PUBLIC "-//W3C//DTD XHTML 1.0 Transitional//EN"
    "http://www.w3.org/TR/xhtml1/DTD/xhtml1-transitional.dtd">
<html xmlns="http://www.w3.org/1999/xhtml" xml:lang="en" lang="en">
 <head>
  <title>
</title>
<meta http-equiv="Content-Type" content="text/html;charset=utf-8" />
  <meta name='ocr-system' content='tesseract 3.04.00' />
  <meta name='ocr-capabilities' content='ocr_page ocr_carea ocr_par ocr_line ocrx_word'/>
</head>
<body>
  <div class='ocr_page' id='page_1' title='image "./marcitulliicice11pedigoog_0438.png"; bbox 0 0 2296 3908; ppageno 0'>
   <div class='ocr_carea' id='block_1_1' title="bbox 270 92 961 208">
    <p class='ocr_par' dir='ltr' id='par_1_1' title="bbox 270 92 961 208">
     <span class='ocr_line' id='line_1_1' title="bbox 270 92 961 208; baseline 0.012 -24"><span class='ocrx_word' id='word_1_1' title='bbox 270 118 463 184; x_wconf 77' lang='lat' dir='ltr'>errrrt</span> <span class='ocrx_word' id='word_1_2' title='bbox 504 92 784 199; x_wconf 51' lang='lat' dir='ltr'>Prinos(</span> <span class='ocrx_word' id='word_1_3' title='bbox 881 140 961 208; x_wconf 80' lang='lat'>3301</span> 
     </span>
    </p>
   </div>
   <div class='ocr_carea' id='block_1_2' title="bbox 25 230 1097 2205">
    <p class='ocr_par' dir='ltr' id='par_1_2' title="bbox 25 230 971 321">
     <span class='ocr_line' id='line_1_2' title="bbox 25 230 971 321; baseline 0.006 -30"><span class='ocrx_word' id='word_1_4' title='bbox 25 236 49 309; x_wconf 47' lang='lat' dir='ltr'>g</span> <span class='ocrx_word' id='word_1_5' title='bbox 80 231 163 321; x_wconf 63' lang='lat' dir='ltr'>pibus</span> <span class='ocrx_word' id='word_1_6' title='bbox 176 230 308 308; x_wconf 84' lang='lat' dir='ltr'>disputat:</span> <span class='ocrx_word' id='word_1_7' title='bbox 329 231 366 292; x_wconf 84' lang='lat' dir='ltr'>irc</span> <span class='ocrx_word' id='word_1_8' title='bbox 380 250 433 293; x_wconf 88' lang='lat' dir='ltr'>nos</span> <span class='ocrx_word' id='word_1_9' title='bbox 453 233 525 291; x_wconf 87' lang='lat' dir='ltr'>inter</span> <span class='ocrx_word' id='word_1_10' title='bbox 545 230 594 290; x_wconf 89' lang='lat' dir='ltr'>has</span> <span class='ocrx_word' id='word_1_11' title='bbox 608 231 805 304; x_wconf 86' lang='lat' dir='ltr'>proceriffimas</span> <span class='ocrx_word' id='word_1_12' title='bbox 825 235 971 309; x_wconf 77' lang='lat' dir='ltr'>populos,¹</span> 
     </span>
    </p>

    <p class='ocr_par' dir='ltr' id='par_1_3' title="bbox 25 306 968 385">
     <span class='ocr_line' id='line_1_3' title="bbox 25 306 968 385; baseline 0.003 -17"><span class='ocrx_word' id='word_1_13' title='bbox 25 310 53 375; x_wconf 64' lang='lat' dir='ltr'>‘J&#39;</span> <span class='ocrx_word' id='word_1_14' title='bbox 81 326 115 368; x_wconf 81' lang='lat' dir='ltr'>tn</span> <span class='ocrx_word' id='word_1_15' title='bbox 141 309 225 368; x_wconf 83' lang='lat' dir='ltr'>uiridi</span> <span class='ocrx_word' id='word_1_16' title='bbox 258 326 402 385; x_wconf 78' lang='lat' dir='ltr'>opacaque</span> <span class='ocrx_word' id='word_1_17' title='bbox 417 311 474 384; x_wconf 86' lang='lat' dir='ltr'>ripa</span> <span class='ocrx_word' id='word_1_18' title='bbox 488 306 712 378; x_wconf 83' lang='lat' dir='ltr'><strong>inambulantes,</strong></span> <span class='ocrx_word' id='word_1_19' title='bbox 732 322 793 367; x_wconf 87' lang='lat' dir='ltr'>tum</span> <span class='ocrx_word' id='word_1_20' title='bbox 815 322 908 367; x_wconf 89' lang='lat' dir='ltr'>autern</span> <span class='ocrx_word' id='word_1_21' title='bbox 924 330 968 373; x_wconf 90' lang='lat' dir='ltr'>re·</span> 
     </span>
    </p>

    <p class='ocr_par' dir='ltr' id='par_1_4' title="bbox 25 378 963 463">
     <span class='ocr_line' id='line_1_4' title="bbox 25 378 963 463; baseline -0.001 -16"><span class='ocrx_word' id='word_1_22' title='bbox 25 378 57 447; x_wconf 57' lang='grc' dir='ltr'>ἕ</span> <span class='ocrx_word' id='word_1_23' title='bbox 83 383 205 446; x_wconf 79' lang='lat' dir='ltr'>sidentes</span> <span class='ocrx_word' id='word_1_24' title='bbox 221 428 230 458; x_wconf 90' lang='lat'>,</span> <span class='ocrx_word' id='word_1_25' title='bbox 249 402 408 463; x_wconf 85' lang='lat' dir='ltr'>quaeramus</span> <span class='ocrx_word' id='word_1_26' title='bbox 428 386 526 444; x_wconf 86' lang='lat' dir='ltr'>iisdem</span> <span class='ocrx_word' id='word_1_27' title='bbox 548 385 584 444; x_wconf 92' lang='lat' dir='ltr'>de</span> <span class='ocrx_word' id='word_1_28' title='bbox 604 385 683 444; x_wconf 88' lang='lat' dir='ltr'>rebus</span> <span class='ocrx_word' id='word_1_29' title='bbox 701 385 808 463; x_wconf 86' lang='lat' dir='ltr'>aliquid</span> <span class='ocrx_word' id='word_1_30' title='bbox 830 385 963 459; x_wconf 81' lang='lat' dir='ltr'>uberius,</span> 
     </span>
    </p>

    <p class='ocr_par' dir='ltr' id='par_1_5' title="bbox 25 459 551 537">
     <span class='ocr_line' id='line_1_5' title="bbox 25 459 551 537; baseline 0.006 -22"><span class='ocrx_word' id='word_1_31' title='bbox 25 462 45 515; x_wconf 69' lang='grc' dir='ltr'>ὲ</span> <span class='ocrx_word' id='word_1_32' title='bbox 87 460 177 537; x_wconf 73' lang='lat' dir='ltr'>quam</span> <span class='ocrx_word' id='word_1_33' title='bbox 191 463 305 522; x_wconf 83' lang='lat' dir='ltr'>sorensis</span> <span class='ocrx_word' id='word_1_34' title='bbox 320 463 381 532; x_wconf 86' lang='lat' dir='ltr'>usus</span> <span class='ocrx_word' id='word_1_35' title='bbox 396 459 551 521; x_wconf 77' lang='lat' dir='ltr'>desiderat?</span> 
     </span>
    </p>

    <p class='ocr_par' dir='ltr' id='par_1_6' title="bbox 25 537 1008 692">
     <span class='ocr_line' id='line_1_6' title="bbox 25 537 1008 659; baseline 0.002 -63"><span class='ocrx_word' id='word_1_36' title='bbox 25 560 46 659; x_wconf 59' lang='grc' dir='ltr'><strong>ἱ</strong></span> <span class='ocrx_word' id='word_1_37' title='bbox 120 539 183 597; x_wconf 87' lang='lat' dir='ltr'>Att.</span> <span class='ocrx_word' id='word_1_38' title='bbox 202 540 265 614; x_wconf 81' lang='lat' dir='ltr'>Ego</span> <span class='ocrx_word' id='word_1_39' title='bbox 279 539 348 608; x_wconf 81' lang='lat' dir='ltr'>vero</span> <span class='ocrx_word' id='word_1_40' title='bbox 362 540 410 602; x_wconf 85' lang='lat' dir='ltr'>ista</span> <span class='ocrx_word' id='word_1_41' title='bbox 426 539 519 597; x_wconf 88' lang='lat' dir='ltr'>audire</span> <span class='ocrx_word' id='word_1_42' title='bbox 533 540 628 611; x_wconf 91' lang='lat' dir='ltr'>cupio.</span> <span class='ocrx_word' id='word_1_43' title='bbox 664 539 709 597; x_wconf 91' lang='lat' dir='ltr'>M.</span> <span class='ocrx_word' id='word_1_44' title='bbox 723 538 801 615; x_wconf 89' lang='lat' dir='ltr'>Quid</span> <span class='ocrx_word' id='word_1_45' title='bbox 816 537 854 597; x_wconf 88' lang='lat' dir='ltr'>ait</span> <span class='ocrx_word' id='word_1_46' title='bbox 869 541 961 615; x_wconf 88' lang='lat' dir='ltr'>Quin·</span> <span class='ocrx_word' id='word_1_47' title='bbox 972 551 1008 609; x_wconf 86' lang='lat'>16</span> 
     </span>
     <span class='ocr_line' id='line_1_7' title="bbox 80 613 960 692; baseline 0.006 -20"><span class='ocrx_word' id='word_1_48' title='bbox 80 624 129 672; x_wconf 87' lang='lat' dir='ltr'>tus</span> <span class='ocrx_word' id='word_1_49' title='bbox 144 613 157 672; x_wconf 72' lang='grc' dir='ltr'><strong><em>ἓ</em></strong></span> <span class='ocrx_word' id='word_1_50' title='bbox 177 618 216 691; x_wconf 89' lang='lat' dir='ltr'>Q.</span> <span class='ocrx_word' id='word_1_51' title='bbox 232 616 315 675; x_wconf 88' lang='lat' dir='ltr'>Nulla</span> <span class='ocrx_word' id='word_1_52' title='bbox 328 616 363 677; x_wconf 90' lang='lat' dir='ltr'>de</span> <span class='ocrx_word' id='word_1_53' title='bbox 378 634 407 674; x_wconf 92' lang='lat' dir='ltr'>re</span> <span class='ocrx_word' id='word_1_54' title='bbox 424 617 518 690; x_wconf 85' lang='lat' dir='ltr'>magis.</span> <span class='ocrx_word' id='word_1_55' title='bbox 556 617 599 673; x_wconf 90' lang='lat' dir='ltr'>M.</span> <span class='ocrx_word' id='word_1_56' title='bbox 615 615 652 673; x_wconf 87' lang='lat' dir='ltr'>Et</span> <span class='ocrx_word' id='word_1_57' title='bbox 666 615 740 673; x_wconf 72' lang='lat' dir='ltr'>redi.</span> <span class='ocrx_word' id='word_1_58' title='bbox 755 615 878 692; x_wconf 91' lang='lat' dir='ltr'>quidem.</span> <span class='ocrx_word' id='word_1_59' title='bbox 893 636 960 677; x_wconf 87' lang='lat' dir='ltr'>nam</span> 
     </span>
    </p>

    <p class='ocr_par' dir='ltr' id='par_1_7' title="bbox 25 690 961 767">
     <span class='ocr_line' id='line_1_8' title="bbox 25 690 961 767; baseline 0.002 -19"><span class='ocrx_word' id='word_1_60' title='bbox 25 720 32 765; x_wconf 88' lang='lat'>:</span> <span class='ocrx_word' id='word_1_61' title='bbox 79 690 120 749; x_wconf 88' lang='lat' dir='ltr'>src</span> <span class='ocrx_word' id='word_1_62' title='bbox 135 691 266 750; x_wconf 86' lang='lat' dir='ltr'>habetote</span> <span class='ocrx_word' id='word_1_63' title='bbox 282 735 292 761; x_wconf 93' lang='lat'>,</span> <span class='ocrx_word' id='word_1_64' title='bbox 311 693 390 752; x_wconf 93' lang='lat' dir='ltr'>nullo</span> <span class='ocrx_word' id='word_1_65' title='bbox 410 693 440 751; x_wconf 91' lang='lat' dir='ltr'>in</span> <span class='ocrx_word' id='word_1_66' title='bbox 460 708 563 766; x_wconf 84' lang='lat' dir='ltr'>genere</span> <span class='ocrx_word' id='word_1_67' title='bbox 584 703 610 746; x_wconf 85' lang='lat'>4¹</span> <span class='ocrx_word' id='word_1_68' title='bbox 628 691 781 767; x_wconf 89' lang='lat' dir='ltr'>disputandi</span> <span class='ocrx_word' id='word_1_69' title='bbox 801 694 887 766; x_wconf 88' lang='lat' dir='ltr'>magis</span> <span class='ocrx_word' id='word_1_70' title='bbox 906 694 961 752; x_wconf 91' lang='lat' dir='ltr'>ho-</span> 
     </span>
    </p>

    <p class='ocr_par' dir='ltr' id='par_1_8' title="bbox 25 766 961 1227">
     <span class='ocr_line' id='line_1_9' title="bbox 78 766 961 846; baseline 0.003 -19.83"><span class='ocrx_word' id='word_1_71' title='bbox 78 766 158 826; x_wconf 78' lang='lat' dir='ltr'>neste</span> <span class='ocrx_word' id='word_1_72' title='bbox 169 768 291 843; x_wconf 86' lang='lat' dir='ltr'>patefieri</span> <span class='ocrx_word' id='word_1_73' title='bbox 307 811 315 839; x_wconf 95' lang='lat'>,</span> <span class='ocrx_word' id='word_1_74' title='bbox 335 768 402 846; x_wconf 90' lang='lat' dir='ltr'>quid</span> <span class='ocrx_word' id='word_1_75' title='bbox 415 769 447 826; x_wconf 87' lang='lat' dir='ltr'>srr</span> <span class='ocrx_word' id='word_1_76' title='bbox 458 769 569 828; x_wconf 90' lang='lat' dir='ltr'>homini</span> <span class='ocrx_word' id='word_1_77' title='bbox 581 767 715 826; x_wconf 89' lang='lat' dir='ltr'>tributum</span> <span class='ocrx_word' id='word_1_78' title='bbox 729 767 825 827; x_wconf 80' lang='lat' dir='ltr'>naturai</span> <span class='ocrx_word' id='word_1_79' title='bbox 841 812 849 837; x_wconf 96' lang='lat'>,</span> <span class='ocrx_word' id='word_1_80' title='bbox 870 787 961 843; x_wconf 88' lang='lat' dir='ltr'>quan·</span> 
     </span>
     <span class='ocr_line' id='line_1_10' title="bbox 77 845 955 921; baseline 0.001 -18"><span class='ocrx_word' id='word_1_81' title='bbox 77 855 140 911; x_wconf 73' lang='lat' dir='ltr'>tam</span> <span class='ocrx_word' id='word_1_82' title='bbox 156 846 215 902; x_wconf 88' lang='lat' dir='ltr'>vim</span> <span class='ocrx_word' id='word_1_83' title='bbox 242 862 334 904; x_wconf 88' lang='lat' dir='ltr'>retum</span> <span class='ocrx_word' id='word_1_84' title='bbox 356 846 523 921; x_wconf 88' lang='lat' dir='ltr'>optimarum</span> <span class='ocrx_word' id='word_1_85' title='bbox 552 862 631 903; x_wconf 89' lang='lat' dir='ltr'>mens</span> <span class='ocrx_word' id='word_1_86' title='bbox 651 845 773 903; x_wconf 89' lang='lat' dir='ltr'>humana</span> <span class='ocrx_word' id='word_1_87' title='bbox 788 845 955 916; x_wconf 86' lang='lat' dir='ltr'>contineat,</span> 
     </span>
     <span class='ocr_line' id='line_1_11' title="bbox 77 919 956 996; baseline 0.006 -18"><span class='ocrx_word' id='word_1_88' title='bbox 77 921 158 994; x_wconf 77' lang='lat' dir='ltr'>eujus</span> <span class='ocrx_word' id='word_1_89' title='bbox 182 924 303 980; x_wconf 89' lang='lat' dir='ltr'>muneris</span> <span class='ocrx_word' id='word_1_90' title='bbox 330 921 442 982; x_wconf 85' lang='lat' dir='ltr'>colendi</span> <span class='ocrx_word' id='word_1_91' title='bbox 468 920 662 996; x_wconf 87' lang='lat' dir='ltr'>efficiendique</span> <span class='ocrx_word' id='word_1_92' title='bbox 685 919 762 980; x_wconf 73' lang='lat' dir='ltr'>causi</span> <span class='ocrx_word' id='word_1_93' title='bbox 791 923 848 980; x_wconf 89' lang='lat' dir='ltr'>nati</span> <span class='ocrx_word' id='word_1_94' title='bbox 875 923 904 980; x_wconf 81' lang='lat' dir='ltr'>dr</span> <span class='ocrx_word' id='word_1_95' title='bbox 923 924 956 984; x_wconf 84' lang='lat' dir='ltr'>itt</span> 
     </span>
     <span class='ocr_line' id='line_1_12' title="bbox 74 994 954 1074; baseline 0.005 -20"><span class='ocrx_word' id='word_1_96' title='bbox 74 994 171 1068; x_wconf 69' lang='lat' dir='ltr'>iucem</span> <span class='ocrx_word' id='word_1_97' title='bbox 186 998 252 1056; x_wconf 88' lang='lat' dir='ltr'>editi</span> <span class='ocrx_word' id='word_1_98' title='bbox 266 998 367 1068; x_wconf 89' lang='lat' dir='ltr'>fimus,</span> <span class='ocrx_word' id='word_1_99' title='bbox 386 1016 452 1074; x_wconf 83' lang='lat' dir='ltr'>quae</span> <span class='ocrx_word' id='word_1_100' title='bbox 465 997 498 1056; x_wconf 90' lang='lat' dir='ltr'>fit</span> <span class='ocrx_word' id='word_1_101' title='bbox 512 997 674 1071; x_wconf 66' lang='lat' dir='ltr'>conjunctio</span> <span class='ocrx_word' id='word_1_102' title='bbox 690 999 841 1056; x_wconf 91' lang='lat' dir='ltr'>hominum</span> <span class='ocrx_word' id='word_1_103' title='bbox 859 1040 867 1066; x_wconf 94' lang='lat'>,</span> <span class='ocrx_word' id='word_1_104' title='bbox 887 1016 954 1074; x_wconf 84' lang='lat' dir='ltr'>quae</span> 
     </span>
     <span class='ocr_line' id='line_1_13' title="bbox 76 1074 954 1151; baseline 0.003 -20"><span class='ocrx_word' id='word_1_105' title='bbox 76 1075 208 1132; x_wconf 78' lang='lat' dir='ltr'>naturalis</span> <span class='ocrx_word' id='word_1_106' title='bbox 221 1074 334 1135; x_wconf 89' lang='lat' dir='ltr'>societas</span> <span class='ocrx_word' id='word_1_107' title='bbox 348 1077 419 1134; x_wconf 93' lang='lat' dir='ltr'>inter</span> <span class='ocrx_word' id='word_1_108' title='bbox 435 1074 514 1151; x_wconf 86' lang='lat' dir='ltr'>ipsos.</span> <span class='ocrx_word' id='word_1_109' title='bbox 551 1075 593 1133; x_wconf 86' lang='lat' dir='ltr'>his</span> <span class='ocrx_word' id='word_1_110' title='bbox 614 1077 691 1134; x_wconf 88' lang='lat' dir='ltr'>enim</span> <span class='ocrx_word' id='word_1_111' title='bbox 712 1075 868 1150; x_wconf 83' lang='lat' dir='ltr'>explicatis,</span> <span class='ocrx_word' id='word_1_112' title='bbox 888 1077 954 1134; x_wconf 90' lang='lat' dir='ltr'>fons</span> 
     </span>
     <span class='ocr_line' id='line_1_14' title="bbox 72 1148 567 1227; baseline -0.002 -18"><span class='ocrx_word' id='word_1_113' title='bbox 72 1148 172 1226; x_wconf 78' lang='lat' dir='ltr'>legum</span> <span class='ocrx_word' id='word_1_114' title='bbox 192 1152 223 1209; x_wconf 65' lang='grc' dir='ltr'>ὃ(</span> <span class='ocrx_word' id='word_1_115' title='bbox 240 1151 306 1227; x_wconf 85' lang='lat' dir='ltr'>juris</span> <span class='ocrx_word' id='word_1_116' title='bbox 329 1153 447 1211; x_wconf 84' lang='lat' dir='ltr'>inveniri</span> <span class='ocrx_word' id='word_1_117' title='bbox 470 1151 567 1226; x_wconf 86' lang='lat' dir='ltr'>potesi.</span> 
     </span>
    </p>

    <p class='ocr_par' dir='ltr' id='par_1_9' title="bbox 115 1227 1084 1333">
     <span class='ocr_line' id='line_1_15' title="bbox 115 1227 1084 1333; baseline 0.009 -49"><span class='ocrx_word' id='word_1_118' title='bbox 115 1228 176 1286; x_wconf 82' lang='lat' dir='ltr'>Att.</span> <span class='ocrx_word' id='word_1_119' title='bbox 196 1230 265 1288; x_wconf 89' lang='lat' dir='ltr'>Non</span> <span class='ocrx_word' id='word_1_120' title='bbox 279 1245 346 1303; x_wconf 84' lang='lat' dir='ltr'>ergo</span> <span class='ocrx_word' id='word_1_121' title='bbox 360 1227 377 1285; x_wconf 78' lang='lat' dir='ltr'>d</span> <span class='ocrx_word' id='word_1_122' title='bbox 391 1229 516 1303; x_wconf 89' lang='lat' dir='ltr'>praetoris</span> <span class='ocrx_word' id='word_1_123' title='bbox 531 1227 641 1298; x_wconf 77' lang='lat' dir='ltr'>edisio,</span> <span class='ocrx_word' id='word_1_124' title='bbox 661 1240 693 1286; x_wconf 89' lang='lat' dir='ltr'>ut</span> <span class='ocrx_word' id='word_1_125' title='bbox 713 1228 837 1306; x_wconf 89' lang='lat' dir='ltr'>plerique</span> <span class='ocrx_word' id='word_1_126' title='bbox 858 1242 998 1333; x_wconf 82' lang='lat' dir='ltr'>nunc,1⁷</span> <span class='ocrx_word' id='word_1_127' title='bbox 1083 1289 1084 1293; x_wconf 75' lang='grc'>,</span> 
     </span>
    </p>

    <p class='ocr_par' dir='ltr' id='par_1_10' title="bbox 72 1303 1001 1380">
     <span class='ocr_line' id='line_1_16' title="bbox 72 1303 1001 1380; baseline 0.003 -18"><span class='ocrx_word' id='word_1_128' title='bbox 72 1303 200 1380; x_wconf 76' lang='lat' dir='ltr'>nequod</span> <span class='ocrx_word' id='word_1_129' title='bbox 215 1323 269 1362; x_wconf 83' lang='lat' dir='ltr'>xri.</span> <span class='ocrx_word' id='word_1_130' title='bbox 283 1303 396 1371; x_wconf 86' lang='lat' dir='ltr'>tabulis,</span> <span class='ocrx_word' id='word_1_131' title='bbox 416 1315 448 1366; x_wconf 84' lang='lat' dir='ltr'>ut</span> <span class='ocrx_word' id='word_1_132' title='bbox 460 1303 625 1379; x_wconf 84' lang='lat' dir='ltr'>superiores,</span> <span class='ocrx_word' id='word_1_133' title='bbox 645 1304 692 1362; x_wconf 87' lang='lat' dir='ltr'>sed</span> <span class='ocrx_word' id='word_1_134' title='bbox 706 1308 814 1378; x_wconf 88' lang='lat' dir='ltr'>penitus</span> <span class='ocrx_word' id='word_1_135' title='bbox 828 1323 863 1364; x_wconf 85' lang='lat' dir='ltr'>ex</span> <span class='ocrx_word' id='word_1_136' title='bbox 885 1307 951 1366; x_wconf 89' lang='lat' dir='ltr'>inti·</span> <span class='ocrx_word' id='word_1_137' title='bbox 1000 1330 1001 1334; x_wconf 44' lang='lat'>¹</span> 
     </span>
    </p>

    <p class='ocr_par' dir='ltr' id='par_1_11' title="bbox 25 1376 951 1463">
     <span class='ocr_line' id='line_1_17' title="bbox 25 1376 951 1463; baseline 0.003 -25"><span class='ocrx_word' id='word_1_138' title='bbox 25 1376 38 1463; x_wconf 48' lang='grc' dir='ltr'>ἰ</span> <span class='ocrx_word' id='word_1_139' title='bbox 72 1394 123 1438; x_wconf 87' lang='lat' dir='ltr'>ma</span> <span class='ocrx_word' id='word_1_140' title='bbox 137 1380 308 1455; x_wconf 86' lang='lat' dir='ltr'>philosophia</span> <span class='ocrx_word' id='word_1_141' title='bbox 320 1378 500 1439; x_wconf 81' lang='lat' dir='ltr'>hauriendam</span> <span class='ocrx_word' id='word_1_142' title='bbox 511 1380 578 1457; x_wconf 84' lang='lat' dir='ltr'>jutis</span> <span class='ocrx_word' id='word_1_143' title='bbox 591 1379 758 1453; x_wconf 85' lang='lat' dir='ltr'>disciplinam</span> <span class='ocrx_word' id='word_1_144' title='bbox 780 1394 867 1457; x_wconf 86' lang='lat' dir='ltr'>putas.</span> <span class='ocrx_word' id='word_1_145' title='bbox 905 1384 951 1444; x_wconf 91' lang='lat' dir='ltr'>M.</span> 
     </span>
    </p>

    <p class='ocr_par' dir='ltr' id='par_1_12' title="bbox 25 1455 951 1611">
     <span class='ocr_line' id='line_1_18' title="bbox 25 1455 950 1532; baseline 0.003 -18"><span class='ocrx_word' id='word_1_146' title='bbox 25 1466 34 1479; x_wconf 81' lang='lat'><em>&#39;</em></span> <span class='ocrx_word' id='word_1_147' title='bbox 72 1457 146 1515; x_wconf 87' lang='lat' dir='ltr'>Non</span> <span class='ocrx_word' id='word_1_148' title='bbox 174 1458 250 1514; x_wconf 89' lang='lat' dir='ltr'>enim</span> <span class='ocrx_word' id='word_1_149' title='bbox 273 1457 302 1514; x_wconf 92' lang='lat' dir='ltr'>id</span> <span class='ocrx_word' id='word_1_150' title='bbox 321 1457 472 1532; x_wconf 87' lang='lat' dir='ltr'>quaerimus</span> <span class='ocrx_word' id='word_1_151' title='bbox 506 1457 562 1514; x_wconf 87' lang='lat' dir='ltr'>hoc</span> <span class='ocrx_word' id='word_1_152' title='bbox 590 1455 750 1526; x_wconf 88' lang='lat' dir='ltr'>sermone,</span> <span class='ocrx_word' id='word_1_153' title='bbox 785 1459 950 1532; x_wconf 85' lang='lat' dir='ltr'>Pomponi,</span> 
     </span>
     <span class='ocr_line' id='line_1_19' title="bbox 75 1532 951 1611; baseline 0.007 -22"><span class='ocrx_word' id='word_1_154' title='bbox 75 1532 322 1608; x_wconf 88' lang='lat' dir='ltr'>quemadmodum</span> <span class='ocrx_word' id='word_1_155' title='bbox 335 1550 484 1592; x_wconf 88' lang='lat' dir='ltr'>caveamus</span> <span class='ocrx_word' id='word_1_156' title='bbox 496 1534 525 1591; x_wconf 92' lang='lat' dir='ltr'>in</span> <span class='ocrx_word' id='word_1_157' title='bbox 536 1535 617 1608; x_wconf 90' lang='lat' dir='ltr'>jure,</span> <span class='ocrx_word' id='word_1_158' title='bbox 637 1544 686 1591; x_wconf 88' lang='lat' dir='ltr'>aut</span> <span class='ocrx_word' id='word_1_159' title='bbox 699 1532 766 1609; x_wconf 90' lang='lat' dir='ltr'>quid</span> <span class='ocrx_word' id='word_1_160' title='bbox 787 1534 823 1592; x_wconf 90' lang='lat' dir='ltr'>de</span> <span class='ocrx_word' id='word_1_161' title='bbox 837 1553 951 1611; x_wconf 91' lang='lat' dir='ltr'>quaque</span> 
     </span>
    </p>

    <p class='ocr_par' dir='ltr' id='par_1_13' title="bbox 37 1604 953 1992">
     <span class='ocr_line' id='line_1_20' title="bbox 37 1604 953 1685; baseline 0.007 -20"><span class='ocrx_word' id='word_1_162' title='bbox 37 1604 47 1665; x_wconf 91' lang='lat'>.&#39;</span> <span class='ocrx_word' id='word_1_163' title='bbox 70 1607 276 1669; x_wconf 87' lang='lat' dir='ltr'>consultatione</span> <span class='ocrx_word' id='word_1_164' title='bbox 290 1609 512 1684; x_wconf 89' lang='lat' dir='ltr'>respondeamus.</span> <span class='ocrx_word' id='word_1_165' title='bbox 551 1610 591 1667; x_wconf 87' lang='lat' dir='ltr'>Sit</span> <span class='ocrx_word' id='word_1_166' title='bbox 609 1610 656 1668; x_wconf 90' lang='lat' dir='ltr'>illa</span> <span class='ocrx_word' id='word_1_167' title='bbox 668 1626 717 1668; x_wconf 75' lang='lat' dir='ltr'>&#39;res</span> <span class='ocrx_word' id='word_1_168' title='bbox 739 1627 862 1685; x_wconf 82' lang='lat' dir='ltr'>magna,</span> <span class='ocrx_word' id='word_1_169' title='bbox 882 1610 953 1672; x_wconf 89' lang='lat' dir='ltr'>srcul:</span> 
     </span>
     <span class='ocr_line' id='line_1_21' title="bbox 73 1685 949 1763; baseline 0.005 -20"><span class='ocrx_word' id='word_1_170' title='bbox 73 1686 129 1743; x_wconf 86' lang='lat' dir='ltr'>est:</span> <span class='ocrx_word' id='word_1_171' title='bbox 150 1703 215 1761; x_wconf 88' lang='lat' dir='ltr'>quae</span> <span class='ocrx_word' id='word_1_172' title='bbox 228 1687 372 1763; x_wconf 89' lang='lat' dir='ltr'>quondam</span> <span class='ocrx_word' id='word_1_173' title='bbox 388 1685 404 1753; x_wconf 70' lang='grc' dir='ltr'>ὲ</span> <span class='ocrx_word' id='word_1_174' title='bbox 419 1686 512 1744; x_wconf 86' lang='lat' dir='ltr'>multis</span> <span class='ocrx_word' id='word_1_175' title='bbox 531 1685 606 1744; x_wconf 89' lang='lat' dir='ltr'>claris</span> <span class='ocrx_word' id='word_1_176' title='bbox 628 1686 714 1756; x_wconf 88' lang='lat' dir='ltr'>viris,</span> <span class='ocrx_word' id='word_1_177' title='bbox 740 1704 816 1746; x_wconf 92' lang='lat' dir='ltr'>nunc</span> <span class='ocrx_word' id='word_1_178' title='bbox 835 1687 868 1746; x_wconf 91' lang='lat' dir='ltr'>ab</span> <span class='ocrx_word' id='word_1_179' title='bbox 887 1705 949 1747; x_wconf 90' lang='lat' dir='ltr'>uno</span> 
     </span>
     <span class='ocr_line' id='line_1_22' title="bbox 72 1761 948 1823; baseline 0.003 -3"><span class='ocrx_word' id='word_1_180' title='bbox 72 1761 183 1820; x_wconf 84' lang='lat' dir='ltr'>sumnia</span> <span class='ocrx_word' id='word_1_181' title='bbox 217 1763 380 1822; x_wconf 73' lang='lat' dir='ltr'>auetoritato</span> <span class='ocrx_word' id='word_1_182' title='bbox 408 1764 438 1821; x_wconf 78' lang='lat' dir='ltr'>dr</span> <span class='ocrx_word' id='word_1_183' title='bbox 458 1763 568 1821; x_wconf 86' lang='lat' dir='ltr'>scientia</span> <span class='ocrx_word' id='word_1_184' title='bbox 588 1763 750 1822; x_wconf 78' lang='lat' dir='ltr'>sustinetur:</span> <span class='ocrx_word' id='word_1_185' title='bbox 771 1762 855 1821; x_wconf 81' lang='lat' dir='ltr'>4²sed</span> <span class='ocrx_word' id='word_1_186' title='bbox 867 1765 948 1823; x_wconf 87' lang='lat' dir='ltr'>nobis</span> 
     </span>
     <span class='ocr_line' id='line_1_23' title="bbox 71 1838 946 1914; baseline 0.003 -17"><span class='ocrx_word' id='word_1_187' title='bbox 71 1838 113 1897; x_wconf 88' lang='lat' dir='ltr'>ita</span> <span class='ocrx_word' id='word_1_188' title='bbox 127 1839 338 1914; x_wconf 68' lang='lat' dir='ltr'>complodenda</span> <span class='ocrx_word' id='word_1_189' title='bbox 353 1843 382 1899; x_wconf 92' lang='lat' dir='ltr'>in</span> <span class='ocrx_word' id='word_1_190' title='bbox 395 1840 448 1899; x_wconf 86' lang='lat' dir='ltr'>hac</span> <span class='ocrx_word' id='word_1_191' title='bbox 462 1839 643 1914; x_wconf 83' lang='lat' dir='ltr'>disputatione</span> <span class='ocrx_word' id='word_1_192' title='bbox 659 1850 718 1898; x_wconf 85' lang='lat' dir='ltr'>tota</span> <span class='ocrx_word' id='word_1_193' title='bbox 733 1839 810 1898; x_wconf 88' lang='lat' dir='ltr'>causa</span> <span class='ocrx_word' id='word_1_194' title='bbox 825 1841 946 1900; x_wconf 88' lang='lat' dir='ltr'>universi</span> 
     </span>
     <span class='ocr_line' id='line_1_24' title="bbox 72 1914 946 1992; baseline 0.006 -19"><span class='ocrx_word' id='word_1_195' title='bbox 72 1914 137 1986; x_wconf 78' lang='lat' dir='ltr'>iuris</span> <span class='ocrx_word' id='word_1_196' title='bbox 151 1915 212 1986; x_wconf 88' lang='lat' dir='ltr'>est,</span> <span class='ocrx_word' id='word_1_197' title='bbox 232 1932 265 1974; x_wconf 89' lang='lat' dir='ltr'>ac</span> <span class='ocrx_word' id='word_1_198' title='bbox 284 1916 401 1992; x_wconf 84' lang='lat' dir='ltr'>legum:</span> <span class='ocrx_word' id='word_1_199' title='bbox 422 1928 454 1980; x_wconf 93' lang='lat' dir='ltr'>ut</span> <span class='ocrx_word' id='word_1_200' title='bbox 474 1917 530 1974; x_wconf 94' lang='lat' dir='ltr'>hoc</span> <span class='ocrx_word' id='word_1_201' title='bbox 546 1959 555 1986; x_wconf 94' lang='lat'>,</span> <span class='ocrx_word' id='word_1_202' title='bbox 574 1916 656 1975; x_wconf 89' lang='lat' dir='ltr'>civile</span> <span class='ocrx_word' id='word_1_203' title='bbox 669 1917 747 1992; x_wconf 91' lang='lat' dir='ltr'>quod</span> <span class='ocrx_word' id='word_1_204' title='bbox 760 1917 894 1989; x_wconf 88' lang='lat' dir='ltr'>dicimus,</span> <span class='ocrx_word' id='word_1_205' title='bbox 915 1919 946 1979; x_wconf 90' lang='lat' dir='ltr'>in</span> 
     </span>
    </p>

    <p class='ocr_par' dir='ltr' id='par_1_14' title="bbox 25 1992 1097 2205">
     <span class='ocr_line' id='line_1_25' title="bbox 25 1992 945 2069; baseline 0.005 -22"><span class='ocrx_word' id='word_1_206' title='bbox 25 2040 29 2047; x_wconf 92' lang='lat'><em>.</em></span> <span class='ocrx_word' id='word_1_207' title='bbox 69 2007 189 2067; x_wconf 85' lang='lat' dir='ltr'>parvum</span> <span class='ocrx_word' id='word_1_208' title='bbox 210 1993 366 2069; x_wconf 89' lang='lat' dir='ltr'>quendam&#39;</span> <span class='ocrx_word' id='word_1_209' title='bbox 386 1995 416 2051; x_wconf 78' lang='lat' dir='ltr'>dc</span> <span class='ocrx_word' id='word_1_210' title='bbox 431 1994 574 2068; x_wconf 85' lang='lat' dir='ltr'>angustum</span> <span class='ocrx_word' id='word_1_211' title='bbox 589 1995 685 2051; x_wconf 89' lang='lat' dir='ltr'>locum</span> <span class='ocrx_word' id='word_1_212' title='bbox 702 1992 882 2052; x_wconf 87' lang='lat' dir='ltr'>concludatur</span> <span class='ocrx_word' id='word_1_213' title='bbox 896 2012 945 2052; x_wconf 90' lang='lat' dir='ltr'>na·</span> 
     </span>
     <span class='ocr_line' id='line_1_26' title="bbox 67 2069 1097 2205; baseline 0.002 -78"><span class='ocrx_word' id='word_1_214' title='bbox 67 2080 149 2135; x_wconf 82' lang='lat' dir='ltr'>turae.</span> <span class='ocrx_word' id='word_1_215' title='bbox 186 2081 282 2140; x_wconf 86' lang='lat' dir='ltr'>natura</span> <span class='ocrx_word' id='word_1_216' title='bbox 296 2073 372 2129; x_wconf 81' lang='lat' dir='ltr'>enim</span> <span class='ocrx_word' id='word_1_217' title='bbox 385 2071 450 2152; x_wconf 75' lang='lat' dir='ltr'>iuris</span> <span class='ocrx_word' id='word_1_218' title='bbox 471 2069 604 2145; x_wconf 83' lang='lat' dir='ltr'>explicata</span> <span class='ocrx_word' id='word_1_219' title='bbox 625 2069 663 2127; x_wconf 85' lang='lat' dir='ltr'>est</span> <span class='ocrx_word' id='word_1_220' title='bbox 683 2069 781 2141; x_wconf 85' lang='lat' dir='ltr'>nobis,</span> <span class='ocrx_word' id='word_1_221' title='bbox 801 2069 945 2205; x_wconf 75' lang='lat' dir='ltr'>eaquehab</span> <span class='ocrx_word' id='word_1_222' title='bbox 1051 2088 1054 2095; x_wconf 63' lang='lat'>¹</span> <span class='ocrx_word' id='word_1_223' title='bbox 1093 2088 1097 2099; x_wconf 72' lang='lat'><strong><em>¹</em></strong></span> 
     </span>
    </p>

    <p class='ocr_par' dir='ltr' id='par_1_15' title="bbox 911 2162 948 2205">
     <span class='ocr_line' id='line_1_27' title="bbox 911 2162 948 2205; baseline 0 -11"><span class='ocrx_word' id='word_1_224' title='bbox 911 2162 948 2205; x_wconf 78' lang='lat'>0·</span> 
     </span>
    </p>
   </div>
   <div class='ocr_carea' id='block_1_3' title="bbox 45 2322 1036 3584">
    <p class='ocr_par' dir='ltr' id='par_1_16' title="bbox 45 2322 1036 3584">
     <span class='ocr_line' id='line_1_28' title="bbox 100 2322 946 2397; baseline -0.004 -20"><span class='ocrx_word' id='word_1_225' title='bbox 100 2345 138 2391; x_wconf 83' lang='lat'>4¹·</span> <span class='ocrx_word' id='word_1_226' title='bbox 153 2333 287 2395; x_wconf 69' lang='lat' dir='ltr'>Dz&#39;J‘patando</span> <span class='ocrx_word' id='word_1_227' title='bbox 297 2330 397 2394; x_wconf 62' lang='lat' dir='ltr'>bonesti]</span> <span class='ocrx_word' id='word_1_228' title='bbox 425 2336 462 2382; x_wconf 77' lang='lat' dir='ltr'>Ea</span> <span class='ocrx_word' id='word_1_229' title='bbox 475 2330 577 2396; x_wconf 78' lang='lat' dir='ltr'>vestigiis</span> <span class='ocrx_word' id='word_1_230' title='bbox 592 2329 678 2380; x_wconf 82' lang='lat' dir='ltr'>veteris</span> <span class='ocrx_word' id='word_1_231' title='bbox 693 2329 760 2389; x_wconf 83' lang='lat' dir='ltr'>hujus</span> <span class='ocrx_word' id='word_1_232' title='bbox 776 2326 897 2397; x_wconf 23' lang='lat' dir='ltr'>scripturae*</span> <span class='ocrx_word' id='word_1_233' title='bbox 908 2322 946 2374; x_wconf 87' lang='lat' dir='ltr'>le·</span> 
     </span>
     <span class='ocr_line' id='line_1_29' title="bbox 68 2390 944 2507; baseline -0.007 -66"><span class='ocrx_word' id='word_1_234' title='bbox 68 2393 175 2507; x_wconf 49' lang='lat' dir='ltr'>fiendum</span> <span class='ocrx_word' id='word_1_235' title='bbox 186 2411 257 2459; x_wconf 91' lang='lat' dir='ltr'>puto,</span> <span class='ocrx_word' id='word_1_236' title='bbox 270 2396 420 2460; x_wconf 61' lang='lat' dir='ltr'>disputationis</span> <span class='ocrx_word' id='word_1_237' title='bbox 426 2397 457 2457; x_wconf 82' lang='lat' dir='ltr'>fic</span> <span class='ocrx_word' id='word_1_238' title='bbox 465 2396 569 2457; x_wconf 81' lang='lat' dir='ltr'>patefieri.</span> <span class='ocrx_word' id='word_1_239' title='bbox 600 2394 649 2442; x_wconf 77' lang='lat' dir='ltr'>Alii</span> <span class='ocrx_word' id='word_1_240' title='bbox 660 2406 743 2443; x_wconf 80' lang='lat' dir='ltr'>contra</span> <span class='ocrx_word' id='word_1_241' title='bbox 754 2390 826 2439; x_wconf 88' lang='lat' dir='ltr'>fidem</span> <span class='ocrx_word' id='word_1_242' title='bbox 837 2400 944 2436; x_wconf 79' lang='lat' dir='ltr'>veterum</span> 
     </span>
     <span class='ocr_line' id='line_1_30' title="bbox 88 2450 945 2524; baseline -0.007 -20"><span class='ocrx_word' id='word_1_243' title='bbox 88 2455 204 2514; x_wconf 80' lang='lat' dir='ltr'>brorum,</span> <span class='ocrx_word' id='word_1_244' title='bbox 227 2463 296 2521; x_wconf 82' lang='lat' dir='ltr'>magis</span> <span class='ocrx_word' id='word_1_245' title='bbox 313 2460 396 2518; x_wconf 71' lang='lat' dir='ltr'>honesta</span> <span class='ocrx_word' id='word_1_246' title='bbox 408 2459 525 2524; x_wconf 78' lang='lat' dir='ltr'>patefieri,</span> <span class='ocrx_word' id='word_1_247' title='bbox 546 2456 616 2506; x_wconf 80' lang='lat' dir='ltr'>nituit</span> <span class='ocrx_word' id='word_1_248' title='bbox 631 2457 740 2506; x_wconf 70' lang='lat' dir='ltr'>audaster</span> <span class='ocrx_word' id='word_1_249' title='bbox 756 2457 781 2504; x_wconf 76' lang='grc' dir='ltr'>δι</span> <span class='ocrx_word' id='word_1_250' title='bbox 796 2454 896 2502; x_wconf 86' lang='lat' dir='ltr'>licenter</span> <span class='ocrx_word' id='word_1_251' title='bbox 906 2450 945 2499; x_wconf 88' lang='lat' dir='ltr'>le·</span> 
     </span>
     <span class='ocr_line' id='line_1_31' title="bbox 69 2512 944 2631; baseline -0.006 -63"><span class='ocrx_word' id='word_1_252' title='bbox 69 2533 138 2631; x_wconf 46' lang='lat' dir='ltr'>pont.</span> <span class='ocrx_word' id='word_1_253' title='bbox 187 2522 292 2584; x_wconf 73' lang='lat' dir='ltr'>Attingit</span> <span class='ocrx_word' id='word_1_254' title='bbox 312 2536 393 2571; x_wconf 80' lang='lat' dir='ltr'>autern</span> <span class='ocrx_word' id='word_1_255' title='bbox 426 2523 504 2586; x_wconf 86' lang='lat' dir='ltr'>capita</span> <span class='ocrx_word' id='word_1_256' title='bbox 524 2517 688 2582; x_wconf 82' lang='lat' dir='ltr'>disputationis</span> <span class='ocrx_word' id='word_1_257' title='bbox 708 2519 776 2577; x_wconf 76' lang='lat' dir='ltr'>huius</span> <span class='ocrx_word' id='word_1_258' title='bbox 794 2515 865 2580; x_wconf 86' lang='lat' dir='ltr'>primi</span> <span class='ocrx_word' id='word_1_259' title='bbox 879 2512 944 2587; x_wconf 74' lang='lat' dir='ltr'>lrhri.</span> 
     </span>
     <span class='ocr_line' id='line_1_32' title="bbox 95 2581 944 2648; baseline -0.002 -20"><span class='ocrx_word' id='word_1_260' title='bbox 95 2584 202 2632; x_wconf 83' lang='lat' dir='ltr'>ationem</span> <span class='ocrx_word' id='word_1_261' title='bbox 216 2586 240 2633; x_wconf 80' lang='lat' dir='ltr'>dt</span> <span class='ocrx_word' id='word_1_262' title='bbox 251 2583 426 2648; x_wconf 80' lang='lat' dir='ltr'>cogitationem</span> <span class='ocrx_word' id='word_1_263' title='bbox 436 2587 534 2634; x_wconf 82' lang='lat' dir='ltr'>tributas</span> <span class='ocrx_word' id='word_1_264' title='bbox 546 2583 629 2632; x_wconf 76' lang='lat' dir='ltr'>naturi</span> <span class='ocrx_word' id='word_1_265' title='bbox 638 2582 732 2631; x_wconf 86' lang='lat' dir='ltr'>homini</span> <span class='ocrx_word' id='word_1_266' title='bbox 742 2581 853 2641; x_wconf 76' lang='lat' dir='ltr'>intelligo</span> <span class='ocrx_word' id='word_1_267' title='bbox 869 2593 876 2624; x_wconf 76' lang='lat' dir='ltr'>t</span> <span class='ocrx_word' id='word_1_268' title='bbox 891 2590 944 2626; x_wconf 82' lang='lat' dir='ltr'>rim</span> 
     </span>
     <span class='ocr_line' id='line_1_33' title="bbox 67 2643 941 2715; baseline -0.008 -21"><span class='ocrx_word' id='word_1_269' title='bbox 67 2659 145 2694; x_wconf 80' lang='lat' dir='ltr'>tetum</span> <span class='ocrx_word' id='word_1_270' title='bbox 156 2646 320 2710; x_wconf 83' lang='lat' dir='ltr'>optimatum,</span> <span class='ocrx_word' id='word_1_271' title='bbox 341 2648 464 2697; x_wconf 85' lang='lat' dir='ltr'>inchoatas</span> <span class='ocrx_word' id='word_1_272' title='bbox 480 2646 650 2710; x_wconf 84' lang='lat' dir='ltr'>intelligentias</span> <span class='ocrx_word' id='word_1_273' title='bbox 666 2647 692 2696; x_wconf 78' lang='lat' dir='ltr'>dt</span> <span class='ocrx_word' id='word_1_274' title='bbox 709 2643 799 2694; x_wconf 89' lang='lat' dir='ltr'>semina</span> <span class='ocrx_word' id='word_1_275' title='bbox 810 2643 941 2715; x_wconf 24' lang='lat' dir='ltr'>vitiu-tumre</span> 
     </span>
     <span class='ocr_line' id='line_1_34' title="bbox 68 2702 941 2769; baseline -0.008 -14"><span class='ocrx_word' id='word_1_276' title='bbox 68 2721 155 2756; x_wconf 86' lang='lat' dir='ltr'>munus</span> <span class='ocrx_word' id='word_1_277' title='bbox 165 2710 230 2769; x_wconf 78' lang='lat' dir='ltr'>eujus</span> <span class='ocrx_word' id='word_1_278' title='bbox 243 2710 337 2759; x_wconf 89' lang='lat' dir='ltr'>colendi</span> <span class='ocrx_word' id='word_1_279' title='bbox 353 2711 421 2760; x_wconf 86' lang='lat' dir='ltr'>eausa</span> <span class='ocrx_word' id='word_1_280' title='bbox 432 2711 483 2759; x_wconf 86' lang='lat' dir='ltr'>nati</span> <span class='ocrx_word' id='word_1_281' title='bbox 493 2709 590 2760; x_wconf 82' lang='lat' dir='ltr'>sumus.</span> <span class='ocrx_word' id='word_1_282' title='bbox 606 2707 717 2769; x_wconf 78' lang='lat' dir='ltr'>justitiam</span> <span class='ocrx_word' id='word_1_283' title='bbox 733 2741 740 2762; x_wconf 90' lang='lat'>,</span> <span class='ocrx_word' id='word_1_284' title='bbox 759 2708 784 2754; x_wconf 91' lang='lat'>&amp;</span> <span class='ocrx_word' id='word_1_285' title='bbox 799 2717 825 2752; x_wconf 89' lang='lat' dir='ltr'>ut</span> <span class='ocrx_word' id='word_1_286' title='bbox 836 2704 877 2750; x_wconf 80' lang='lat' dir='ltr'>altr</span> <span class='ocrx_word' id='word_1_287' title='bbox 889 2702 941 2750; x_wconf 80' lang='lat' dir='ltr'>alns</span> 
     </span>
     <span class='ocr_line' id='line_1_35' title="bbox 68 2767 939 2839; baseline -0.007 -20"><span class='ocrx_word' id='word_1_288' title='bbox 68 2772 242 2835; x_wconf 83' lang='lat' dir='ltr'>participemus.</span> <span class='ocrx_word' id='word_1_289' title='bbox 275 2776 323 2836; x_wconf 83' lang='lat' dir='ltr'>Qui</span> <span class='ocrx_word' id='word_1_290' title='bbox 348 2775 397 2823; x_wconf 76' lang='lat' dir='ltr'>hac</span> <span class='ocrx_word' id='word_1_291' title='bbox 413 2775 481 2823; x_wconf 83' lang='lat' dir='ltr'>aliter</span> <span class='ocrx_word' id='word_1_292' title='bbox 496 2775 696 2836; x_wconf 79' lang='lat' dir='ltr'>interpretantur,</span> <span class='ocrx_word' id='word_1_293' title='bbox 718 2769 789 2819; x_wconf 86' lang='lat' dir='ltr'>sacile</span> <span class='ocrx_word' id='word_1_294' title='bbox 800 2767 939 2839; x_wconf 79' lang='lat' dir='ltr'>refelluntur</span> 
     </span>
     <span class='ocr_line' id='line_1_36' title="bbox 68 2833 939 2898; baseline -0.013 -12"><span class='ocrx_word' id='word_1_295' title='bbox 68 2833 194 2886; x_wconf 79' lang='lat' dir='ltr'>Ciceronis</span> <span class='ocrx_word' id='word_1_296' title='bbox 202 2835 291 2893; x_wconf 84' lang='lat' dir='ltr'>verbis,</span> <span class='ocrx_word' id='word_1_297' title='bbox 305 2851 357 2898; x_wconf 82' lang='lat' dir='ltr'>quae</span> <span class='ocrx_word' id='word_1_298' title='bbox 371 2838 396 2885; x_wconf 90' lang='lat' dir='ltr'>in</span> <span class='ocrx_word' id='word_1_299' title='bbox 408 2837 601 2898; x_wconf 84' lang='lat' dir='ltr'>interpretatione</span> <span class='ocrx_word' id='word_1_300' title='bbox 612 2833 726 2896; x_wconf 83' lang='lat' dir='ltr'>usurpavi.</span> <span class='ocrx_word' id='word_1_301' title='bbox 742 2833 857 2880; x_wconf 80' lang='lat' dir='ltr'>Turnebus.</span> <span class='ocrx_word' id='word_1_302' title='bbox 891 2833 939 2872; x_wconf 79' lang='lat' dir='ltr'>Dr·</span> 
     </span>
     <span class='ocr_line' id='line_1_37' title="bbox 65 2890 938 2967; baseline -0.008 -22"><span class='ocrx_word' id='word_1_303' title='bbox 65 2898 170 2958; x_wconf 61' lang='lat' dir='ltr'>{putandi</span> <span class='ocrx_word' id='word_1_304' title='bbox 184 2904 251 2960; x_wconf 82' lang='lat' dir='ltr'>magis</span> <span class='ocrx_word' id='word_1_305' title='bbox 267 2900 347 2960; x_wconf 74' lang='lat' dir='ltr'>honeste*</span> <span class='ocrx_word' id='word_1_306' title='bbox 359 2901 478 2963; x_wconf 59' lang='lat' dir='ltr'>patefieri]</span> <span class='ocrx_word' id='word_1_307' title='bbox 492 2900 570 2948; x_wconf 82' lang='lat' dir='ltr'>Malui</span> <span class='ocrx_word' id='word_1_308' title='bbox 582 2896 642 2949; x_wconf 80' lang='lat' dir='ltr'>istud</span> <span class='ocrx_word' id='word_1_309' title='bbox 658 2910 683 2946; x_wconf 87' lang='lat' dir='ltr'>ut</span> <span class='ocrx_word' id='word_1_310' title='bbox 694 2907 744 2945; x_wconf 76' lang='lat' dir='ltr'>erat</span> <span class='ocrx_word' id='word_1_311' title='bbox 754 2895 780 2943; x_wconf 87' lang='lat' dir='ltr'>in</span> <span class='ocrx_word' id='word_1_312' title='bbox 790 2895 837 2967; x_wconf 73' lang='lat' dir='ltr'>Pal.</span> <span class='ocrx_word' id='word_1_313' title='bbox 849 2902 903 2965; x_wconf 58' lang='lat' dir='ltr'>cett.</span> <span class='ocrx_word' id='word_1_314' title='bbox 911 2890 938 2938; x_wconf 72' lang='grc' dir='ltr'>δε</span> 
     </span>
     <span class='ocr_line' id='line_1_38' title="bbox 68 2955 940 3025; baseline -0.011 -15"><span class='ocrx_word' id='word_1_315' title='bbox 68 2960 137 3010; x_wconf 75' lang='lat' dir='ltr'>Fabi.</span> <span class='ocrx_word' id='word_1_316' title='bbox 162 2961 235 3024; x_wconf 78' lang='lat' dir='ltr'>quim</span> <span class='ocrx_word' id='word_1_317' title='bbox 255 2963 360 3023; x_wconf 62' lang='lat' dir='ltr'>bansta,</span> <span class='ocrx_word' id='word_1_318' title='bbox 390 2976 415 3015; x_wconf 91' lang='lat' dir='ltr'>ut</span> <span class='ocrx_word' id='word_1_319' title='bbox 437 2960 494 3012; x_wconf 82' lang='lat' dir='ltr'>Aldl</span> <span class='ocrx_word' id='word_1_320' title='bbox 514 2974 580 3011; x_wconf 84' lang='lat' dir='ltr'>vetus</span> <span class='ocrx_word' id='word_1_321' title='bbox 599 2960 681 3010; x_wconf 87' lang='lat' dir='ltr'>editio.</span> <span class='ocrx_word' id='word_1_322' title='bbox 704 2972 760 3007; x_wconf 87' lang='lat' dir='ltr'>nam</span> <span class='ocrx_word' id='word_1_323' title='bbox 782 2955 882 3005; x_wconf 79' lang='lat' dir='ltr'>vriiont</span> <span class='ocrx_word' id='word_1_324' title='bbox 909 2964 940 3025; x_wconf 76' lang='lat' dir='ltr'>ae</span> 
     </span>
     <span class='ocr_line' id='line_1_39' title="bbox 64 3019 939 3133; baseline -0.002 -63"><span class='ocrx_word' id='word_1_325' title='bbox 64 3021 186 3133; x_wconf 61' lang='lat' dir='ltr'>gurnebi,</span> <span class='ocrx_word' id='word_1_326' title='bbox 202 3025 327 3088; x_wconf 66' lang='lat' dir='ltr'>disputando</span> <span class='ocrx_word' id='word_1_327' title='bbox 337 3026 416 3087; x_wconf 77' lang='lat' dir='ltr'>honesti</span> <span class='ocrx_word' id='word_1_328' title='bbox 427 3026 526 3088; x_wconf 75' lang='lat' dir='ltr'>patefieri</span> <span class='ocrx_word' id='word_1_329' title='bbox 532 3059 539 3083; x_wconf 90' lang='lat'>,</span> <span class='ocrx_word' id='word_1_330' title='bbox 556 3020 715 3088; x_wconf 85' lang='lat' dir='ltr'>quomodo&amp;</span> <span class='ocrx_word' id='word_1_331' title='bbox 726 3020 785 3070; x_wconf 85' lang='lat' dir='ltr'>libet</span> <span class='ocrx_word' id='word_1_332' title='bbox 794 3025 816 3071; x_wconf 86' lang='lat' dir='ltr'>S.</span> <span class='ocrx_word' id='word_1_333' title='bbox 827 3019 939 3069; x_wconf 69' lang='lat' dir='ltr'>vitioru-</span> 
     </span>
     <span class='ocr_line' id='line_1_40' title="bbox 69 3101 1036 3216; baseline 0 -18"><span class='ocrx_word' id='word_1_334' title='bbox 69 3136 72 3141; x_wconf 57' lang='grc'><em>’</em></span> <span class='ocrx_word' id='word_1_335' title='bbox 87 3101 197 3208; x_wconf 34' lang='lat' dir='ltr'>&#39;gindei</span> <span class='ocrx_word' id='word_1_336' title='bbox 206 3154 265 3198; x_wconf 80' lang='lat' dir='ltr'>noris</span> <span class='ocrx_word' id='word_1_337' title='bbox 274 3151 337 3212; x_wconf 68' lang='lat' dir='ltr'>alsa]</span> <span class='ocrx_word' id='word_1_338' title='bbox 352 3156 422 3201; x_wconf 85' lang='lat' dir='ltr'>Hunc</span> <span class='ocrx_word' id='word_1_339' title='bbox 431 3162 511 3200; x_wconf 90' lang='lat' dir='ltr'>totum</span> <span class='ocrx_word' id='word_1_340' title='bbox 523 3149 606 3204; x_wconf 83' lang='lat' dir='ltr'>locum</span> <span class='ocrx_word' id='word_1_341' title='bbox 619 3147 685 3215; x_wconf 88' lang='lat' dir='ltr'>posse</span> <span class='ocrx_word' id='word_1_342' title='bbox 701 3149 733 3200; x_wconf 86' lang='lat' dir='ltr'>lic</span> <span class='ocrx_word' id='word_1_343' title='bbox 748 3146 811 3203; x_wconf 59' lang='lat' dir='ltr'>resti</span> <span class='ocrx_word' id='word_1_344' title='bbox 824 3149 872 3216; x_wconf 85' lang='lat' dir='ltr'>legi</span> <span class='ocrx_word' id='word_1_345' title='bbox 890 3151 938 3203; x_wconf 79' lang='lat' dir='ltr'>ali-</span> <span class='ocrx_word' id='word_1_346' title='bbox 1034 3200 1036 3204; x_wconf 78' lang='grc'>,</span> 
     </span>
     <span class='ocr_line' id='line_1_41' title="bbox 65 3212 940 3288; baseline 0.005 -28"><span class='ocrx_word' id='word_1_347' title='bbox 65 3212 164 3275; x_wconf 78' lang='lat' dir='ltr'>quando</span> <span class='ocrx_word' id='word_1_348' title='bbox 178 3214 270 3277; x_wconf 62' lang='lat' dir='ltr'>putavi?</span> <span class='ocrx_word' id='word_1_349' title='bbox 300 3216 344 3262; x_wconf 85' lang='lat' dir='ltr'>Sed</span> <span class='ocrx_word' id='word_1_350' title='bbox 362 3217 420 3262; x_wconf 74' lang='lat' dir='ltr'>nobis</span> <span class='ocrx_word' id='word_1_351' title='bbox 433 3215 462 3274; x_wconf 77' lang='lat' dir='ltr'>est</span> <span class='ocrx_word' id='word_1_352' title='bbox 478 3217 630 3276; x_wconf 59' lang='lat' dir='ltr'>complodendo</span> <span class='ocrx_word' id='word_1_353' title='bbox 646 3219 671 3261; x_wconf 75' lang='lat' dir='ltr'>io</span> <span class='ocrx_word' id='word_1_354' title='bbox 684 3217 724 3261; x_wconf 82' lang='lat' dir='ltr'>hat</span> <span class='ocrx_word' id='word_1_355' title='bbox 740 3212 880 3288; x_wconf 52' lang='lat' dir='ltr'>disslff‘ff‘sm</span> <span class='ocrx_word' id='word_1_356' title='bbox 893 3229 940 3263; x_wconf 69' lang='lat' dir='ltr'>rota</span> 
     </span>
     <span class='ocr_line' id='line_1_42' title="bbox 62 3277 942 3402; baseline 0.006 -16"><span class='ocrx_word' id='word_1_357' title='bbox 62 3277 942 3402; x_wconf 55' lang='lat' dir='ltr'>llstl&#39;tz&#39;sll&#39;l:ittl&#39;tlalllllllldllltllllt,ll:</span> 
     </span>
     <span class='ocr_line' id='line_1_43' title="bbox 45 3401 941 3464; baseline 0.009 -17"><span class='ocrx_word' id='word_1_358' title='bbox 45 3418 50 3431; x_wconf 82' lang='lat'><em>=</em></span> <span class='ocrx_word' id='word_1_359' title='bbox 64 3414 113 3463; x_wconf 86' lang='lat' dir='ltr'>que</span> <span class='ocrx_word' id='word_1_360' title='bbox 125 3401 360 3463; x_wconf 76' lang='lat' dir='ltr'>alitetVisioriana,</span> <span class='ocrx_word' id='word_1_361' title='bbox 381 3401 423 3452; x_wconf 85' lang='lat' dir='ltr'>nisi</span> <span class='ocrx_word' id='word_1_362' title='bbox 437 3405 502 3464; x_wconf 86' lang='lat' dir='ltr'>quod</span> <span class='ocrx_word' id='word_1_363' title='bbox 519 3419 570 3454; x_wconf 85' lang='lat' dir='ltr'>nott</span> <span class='ocrx_word' id='word_1_364' title='bbox 582 3403 668 3455; x_wconf 69' lang='lat' dir='ltr'>lrabeat</span> <span class='ocrx_word' id='word_1_365' title='bbox 679 3405 721 3458; x_wconf 77' lang='lat' dir='ltr'>ita.</span> <span class='ocrx_word' id='word_1_366' title='bbox 735 3403 797 3454; x_wconf 84' lang='lat' dir='ltr'>olim</span> <span class='ocrx_word' id='word_1_367' title='bbox 835 3405 870 3460; x_wconf 83' lang='lat' dir='ltr'>ita</span> <span class='ocrx_word' id='word_1_368' title='bbox 880 3437 888 3461; x_wconf 93' lang='lat'>,</span> <span class='ocrx_word' id='word_1_369' title='bbox 900 3405 941 3462; x_wconf 78' lang='lat' dir='ltr'>sed</span> 
     </span>
     <span class='ocr_line' id='line_1_44' title="bbox 63 3465 943 3584; baseline -0.002 -67"><span class='ocrx_word' id='word_1_370' title='bbox 63 3465 181 3528; x_wconf 64' lang='lat' dir='ltr'>irrisurus.</span> <span class='ocrx_word' id='word_1_371' title='bbox 197 3468 358 3532; x_wconf 59' lang='lat' dir='ltr'>saepissimae.</span> <span class='ocrx_word' id='word_1_372' title='bbox 395 3471 491 3581; x_wconf 44' lang='lat' dir='ltr'>Ompebti</span> <span class='ocrx_word' id='word_1_373' title='bbox 505 3528 637 3580; x_wconf 59' lang='lat' dir='ltr'>bmm</span> <span class='ocrx_word' id='word_1_374' title='bbox 783 3490 787 3497; x_wconf 89' lang='lat'><strong>·</strong></span> <span class='ocrx_word' id='word_1_375' title='bbox 856 3542 866 3584; x_wconf 56' lang='lat'><em>3</em></span> <span class='ocrx_word' id='word_1_376' title='bbox 893 3532 943 3575; x_wconf 62' lang='lat' dir='ltr'>Nm</span> 
     </span>
    </p>
   </div>
   <div class='ocr_carea' id='block_1_4' title="bbox 0 0 1152 3908">
    <p class='ocr_par' dir='ltr' id='par_1_17' title="bbox 0 0 1152 3908">
     <span class='ocr_line' id='line_1_45' title="bbox 0 0 1152 3908; baseline 0 3"><span class='ocrx_word' id='word_1_377' title='bbox 0 0 1152 3908; x_wconf 95' lang='lat' dir='ltr'> </span> 
     </span>
    </p>
   </div>
  </div>
 </body>
</html>
