2296 3908
58 21 66 242 Ι
201 200 284 290 2980
384 205 896 305 DlearonaDronou
1084 21 1091 259 Ι

205 315 326 375 mundos
352 316 419 375 alios
444 316 557 375 aliatum
573 318 626 377 elle
641 320 805 378 formarum.
842 322 939 389 Quae,
961 314 985 375 st
1006 268 1095 391 ⁶,le

202 393 267 451 bina
279 406 350 468 quot
364 390 467 463 essent,
486 390 618 453 didicisset
633 396 784 471 Epicurus,
804 393 879 453 certe
894 411 957 454 non
968 390 1092 471 diceret²

57 485 69 531 's
83 478 197 545 palatium
206 468 261 527 Sed
274 470 342 527 dum
357 470 466 545 palato,
485 470 552 544 quid
568 470 600 529 stt
623 475 763 547 optimum
786 471 893 548 judicat
909 513 919 541 ,
938 470 1009 529 caeli
1022 474 1093 547 spra-'r

58 548 109 605 rltr'.
157 548 160 553 ’
206 546 292 604 latum
319 551 362 621 (ut
380 548 416 604 ait
431 548 547 620 Ennius)
562 565 619 605 non
634 548 758 624 suspexit.

60 624 62 629 ’
161 646 197 704 49
245 623 322 682 XIX.
342 623 446 691 Nan,
468 621 541 695 cun
570 624 627 681 duo
646 625 697 683 fint
715 620 816 700 genera
836 623 986 699 siderum:
1017 640 1092 701 quo¹

172 718 176 725 ·
208 714 270 756 rum
285 699 512 773 alterum,spa'tiis
532 701 746 760 immutabilibus
765 702 876 758 abortu
893 699 930 758 ad
953 698 1094 784 occasun}

208 790 389 845 commeans,
409 776 516 833 nullum
533 786 666 852 umquam
682 776 770 835 cursus
784 777 823 835 sui
844 776 998 851 vestigium
1013 776 1096 835 inflet

210 851 286 911 etat:
306 852 335 893 ⁶2
343 852 459 911 alterum
474 864 568 913 autem
581 856 726 914 continuas
741 852 940 913 conversiones
956 853 1082 989 duasdiis

1046 946 1081 989 eu

240 1101 278 1141 61.
295 1094 332 1139 Bis
342 1092 392 1140 bina
403 1095 458 1157 quid
471 1094 552 1155 effert]
579 1064 636 1141 'Bina
651 1108 776 1144 numerum
792 1091 927 1158 fignificat,
943 1108 1003 1141 non
1014 1080 1100 1205 eluas?

204 1166 298 1204 tatem:
313 1158 393 1220 itaque
403 1156 435 1204 src
445 1159 531 1221 opinor
542 1157 624 1206 rcellus
642 1172 649 1203 ε
670 1162 709 1204 Bis
720 1160 769 1204 sinu
779 1160 836 1219 quod
846 1158 909 1217 effenr
924 1190 933 1213 ,
948 1156 1005 1205 und
1034 1155 1080 1205 iteri

205 1218 351 1287 immutari,
367 1218 483 1282 siquidem
497 1225 565 1284 quir,
591 1234 634 1283 pro
648 1223 723 1283 quid,
746 1233 835 1269 veteres
851 1219 992 1269 scribebant
1010 1235 1018 1265 e
1040 1226 1080 1283 que
1105 1233 1108 1239 ·

206 1279 292 1330 deinde
303 1284 433 1331 multorum
443 1298 547 1333 errorum
558 1281 624 1332 causa
634 1281 679 1333 suit
690 1318 698 1341 ,
715 1282 895 1333 describentibus
912 1282 997 1332 libros
1012 1282 1081 1333 homi·

205 1341 406 1408 nibusimperitis.
439 1350 559 1397 P.Manor.

237 1414 276 1457 62.
290 1412 398 1456 ,Alterum
408 1423 477 1457 autem
489 1416 588 1458 continua
597 1409 723 1461 conversione
729 1410 768 1470 sui
777 1410 852 1455 iisdem
858 1408 943 1470 sprariis
956 1410 1080 1475 curfibrrrqu

204 1470 322 1530 consciae]
353 1477 414 1521 Ven.
434 1477 546 1521 (onrr'rruas
557 1474 694 1529 converfioaer
704 1474 776 1519 duas:
799 1473 846 1534 quai
859 1471 965 1534 quidem
979 1470 1079 1537 scriptur!

206 1532 331 1583 verborum
346 1536 481 1600 congnritas
497 1536 614 1600 perficitur
646 1533 815 1585 &absolvitur
840 1533 925 1583 sensus.
966 1534 1009 1583 sed
1033 1548 1079 1647 spurt

207 1598 262 1643 duas
285 1599 423 1655 converfiones
436 1597 520 1648 dixerit
542 1614 623 1662 parum
643 1600 726 1662 liquet.
760 1602 826 1646 Nam
848 1598 999 1661 excogitare
1023 1598 1080 1647 ilani

205 1664 397 1726 peragrationem
409 1664 474 1725 parvi
483 1663 576 1718 circuli,
591 1676 663 1722 quem
674 1664 790 1710 insurrant
803 1661 902 1714 diacre,
925 1664 956 1710 δι
975 1662 1040 1711 harre
1052 1660 1079 1711 st·
1092 1685 1100 1725 ·‚·

206 1736 259 1771 cere
270 1724 371 1773 alteram
383 1724 501 1772 stellarum
511 1724 706 1780 conversionem,
722 1724 807 1779 nimis,
823 1725 964 1789 utopinor,
985 1728 1078 1789 τιχιιιὶι
1093 1738 1097 1751 ·

206 1783 277 1835 fuerit
289 1803 295 1833 ε
313 1800 384 1849 atque
394 1787 456 1835 haud
467 1788 512 1834 scio
524 1803 554 1835 nn
565 1803 614 1834 non
625 1784 652 1835 fit
667 1786 769 1833 omnino
784 1786 980 1835 consentaneum
1000 1786 1078 1839 rarlotl

207 1850 339 1900 Ciceronis.
371 1849 394 1897 si
404 1863 483 1897 autem
494 1850 625 1899 existimare
635 1851 791 1905 voluerimus,
808 1850 953 1898 varietatem
967 1848 1077 1913 quandiu

208 1908 335 1973 significari
344 1925 423 1960 motus
435 1912 553 1960 stellarum
563 1926 588 1961 ut
602 1912 768 1976 progressionis
783 1916 809 1961 ὃ(
825 1911 1004 1974 regressionis,
1022 1911 1080 1963 rests·
1092 1929 1104 1986 ς,

209 1972 260 2020 lent
272 1990 316 2021 nos
327 1974 464 2038 sequentia,
480 1991 530 2037 quar
542 1976 627 2024 docent
640 1977 701 2023 intra
718 1975 780 2023 hunc
796 1991 923 2024 numerum
942 1992 998 2025 non
1014 1974 1080 2027 couti·
1093 1980 1104 2040 j

210 2036 274 2083 neri:
297 2036 329 2085 sic
340 2040 405 2086 enim
415 2052 474 2086 mort
486 2039 537 2099 post
550 2041 597 2086 arlia
606 2040 701 2102 inquit:
722 2044 778 2085 Tum
794 2042 887 2095 abeunt,
903 2053 957 2085 tum
971 2042 1079 2093 receditur,
1092 2041 1098 2084 Ι

207 2109 256 2145 turn
268 2104 389 2148 antecedunt
395 2135 403 2158 ,
414 2116 462 2148 rum
474 2117 544 2149 autem
549 2104 722 2165 subsequuntur,
737 2116 784 2147 rum
793 2105 882 2148 celerius
892 2118 1031 2159 moventur,
1044 2116 1080 2151 tu!

209 2158 309 2219 sardius,
324 2177 371 2210 tum
380 2184 405 2211 ne
414 2180 525 2211 moventur
537 2168 638 2229 quidem,
661 2166 700 2225 scd
720 2166 749 2210 ad
764 2167 871 2226 quoddam
886 2180 974 2227 tempus
987 2164 1081 2227 infiflut.

210 2230 299 2274 Verum
312 2228 383 2291 igitur
398 2226 504 2283 videtur,
533 2233 645 2276 Continuat
665 2228 803 2284 convcrſsoncs
824 2229 885 2288 suas.
922 2244 986 2291 nam
1008 2240 1082 2291 contis

210 2290 268 2338 coeli
280 2304 373 2339 morum
384 2290 425 2338 has
435 2291 514 2339 slellas
524 2292 553 2340 ad
564 2303 642 2341 ortum
653 2291 697 2338 nit'i
707 2290 878 2361 deprehensum
893 2290 939 2341 est.
975 2295 1040 2341 Non
1049 2304 1081 2339 cu·

212 2358 263 2401 lem
275 2367 336 2417 vago
346 2357 483 2417 incertoque
493 2354 574 2412 cursu,
591 2367 630 2402 aut
648 2354 717 2405 variis
732 2353 810 2416 spatiis
827 2353 873 2400 ille
889 2353 1029 2419 seruntur:
1052 2352 1080 2403 sel

210 2414 295 2464 eadem
306 2416 420 2479 perpetuis
429 2418 574 2479 temporibus
590 2416 677 2465 obeunt
694 2430 764 2478 atque
783 2414 880 2463 servant.
917 2423 955 2466 lta
977 2431 1010 2465 ue
1024 2418 1080 2467 Plato

213 2480 305 2535 Ninon
320 2485 349 2527 z.
359 2478 535 2528 falleaoraects
546 2494 647 2529 errantes
662 2482 791 2542 appellatas
804 2480 843 2526 ait.
860 2488 863 2493 ·
878 2482 926 2529 Tio
943 2434 1020 2531 agerii
1033 2483 1081 2545 pig.

214 2542 311 2604 inquit,
329 2543 401 2590 αὐτῶν
417 2542 464 2591 issi
480 2542 561 2592 stator
576 2544 615 2591 aas
636 2544 772 2597 snaaaot'c,
803 2545 868 2589 sirmas
882 2546 941 2595 μίαν
959 2545 1000 2593 elai
1015 2550 1078 2601 tairap

212 2606 371 2664 διεξέρχεται,
388 2605 493 2661 oriretur
506 2607 531 2652 si
549 2605 637 2657 voras:
650 2605 765 2663 posuerat.
798 2605 861 2652 Dicit
876 2619 962 2654 autern
981 2601 1080 2671 peregri·

215 2668 308 2715 tionem
320 2665 462 2730 significari,
478 2682 529 2730 quac
541 2666 568 2716 sit
578 2682 592 2715 a
603 2666 698 2731 fingulis
709 2666 854 2731 temporibus
865 2666 934 2715 liaris
943 2666 1081 2719 immutatis

214 2729 360 2779 definitione.
379 2737 462 2779 Comen·
493 2735 605 2778 continuas
616 2732 836 2789 converfianesduas]
851 2732 894 2776 Sui
906 2746 952 2793 pro
964 2730 1081 2781 amam

212 2806 253 2841 tus
264 2808 330 2841 meus
340 2793 468 2857 legendum
479 2807 552 2857 putat.
568 2795 640 2851 Urſsn.
659 2810 662 2814 ·
676 2799 783 2841 ussrrrum
793 2807 864 2839 aurem
876 2797 997 2844 continuas
1008 2811 1082 2844 com

208 2858 277 2917 fiores
288 2858 362 2914 duaa]
377 2862 421 2905 l’ro
432 2861 485 2903 duas
502 2859 650 2905 Camerarius
665 2856 778 2920 legebat,
797 2857 866 2917 fuas,
884 2855 1006 2917 Urfinns,
1021 2870 1082 2923 quest

214 2918 323 2969 Davifius
334 2917 449 2983 sequitur,
460 2921 511 2979 fid,
530 2920 610 2968 verirm
622 2920 681 2968 nihil
690 2918 723 2967 est
734 2916 883 2968 mutandum.
906 2920 1016 2979 Balbus,
1030 2918 1083 2987 pos·

214 2996 288 3045 qoam
298 2984 391 3031 locutus
402 2996 450 3031 erat
461 2982 490 3030 de
500 2982 573 3031 stellis
582 2982 637 3031 fixis
648 3018 655 3039 ,
671 2984 735 3031 veuit
746 2981 776 3030 ad
789 2981 912 3045 planetas,
926 2998 1039 3046 quorum
1047 3000 1084 3033 no·

214 3060 249 3094 tat
261 3045 349 3093 cursum
361 3044 410 3095 fere
421 3046 506 3094 eodem
520 3047 596 3093 nrodo
612 3042 719 3109 utsupra.
731 3050 734 3057 '
753 3044 826 3093 Addit
843 3058 943 3094 tantum
956 3044 1085 3103 verbam
1105 3079 1108 3087 ·

213 3108 296 3169 quibus
309 3110 397 3171 agitur,
414 3108 443 3156 ad
454 3109 634 3171 exprimendum
644 3124 723 3155 motus
735 3107 793 3157 duos
804 3106 909 3157 diversos
926 3110 955 3158 &
973 3110 1085 3173 ouottlia·
1097 3137 1100 3143 ·

215 3188 259 3221 nos
272 3185 432 3227 cometarum,
444 3173 545 3221 alterum
555 3171 584 3221 ab
596 3188 643 3220 uno
660 3174 763 3233 Tropico
779 3170 809 3219 ad
825 3171 907 3221 alium.
946 3174 1036 3237 Chrysi

216 3237 241 3283 in
253 3236 373 3297 Excerptis
389 3234 454 3297 Phys.
470 3234 555 3284 Stobaei
569 3251 622 3299 pag.
635 3244 673 3295 48.
696 3234 726 3283 de
743 3250 772 3283 eo
789 3247 858 3282 motu
876 3235 979 3285 locutus
995 3186 1086 3287 θῆττα

217 3297 311 3347 modo:
339 3298 377 3344 Tri
390 3298 413 3344 ab
429 3298 566 3353 πλανώμενα
582 3298 724 3358 (assenserit)
749 3297 885 3351 iuliano:
907 3317 953 3347 atari
972 3306 1087 3353 iaanenu·

216 3364 261 3420 pie.
280 3358 435 3414 cleomedes,
452 3364 542 3411 Stoicus
553 3365 577 3410 &
589 3360 785 3414 Mathematicus,
801 3359 905 3421 explicat
920 3362 947 3410 iel
959 3362 1088 3413 inTltoorit

218 3423 316 3485 cyclica
326 3422 366 3471 lib.
380 3438 398 3469 r.
414 3438 464 3485 cap.
476 3444 496 3482 3.
516 3430 601 3473 Seneca
611 3424 684 3472 etiam
699 3422 761 3471 illius
774 3424 806 3471 rci
821 3425 983 3475 mentionem
1002 3425 1102 3477 fecitis:

217 3484 291 3533 Cons.
304 3486 334 3534 ad
346 3486 415 3534 llelv.
427 3501 477 3549 cap.
490 3496 513 3539 6.
531 3488 569 3536 ubi
588 3485 752 3535 annotandum
771 3486 822 3542 esi,
838 3500 880 3546 per
890 3486 971 3543 fidere
986 3492 1086 3539 nuda

209 3550 351 3611 jllastrorria
360 3549 431 3599 illum
440 3552 475 3600 nil
484 3550 528 3603 nist
538 3553 645 3619 planetas
655 3548 792 3614 significare
825 3553 930 3601 Bouhier.
