2296 3908
261 113 746 186 ursan-Parum.
865 127 949 193 29¹9

10 272 17 297 t
54 246 167 309 corpus
180 214 247 290 illud
261 247 320 288 non
335 227 389 299 est,
408 227 455 287 sed
468 226 555 286 simile
570 226 703 301 corpori:
742 239 796 285 nec
814 223 860 284 ille
875 222 948 282 sulm

10 326 17 365 t
66 308 241 368 &candore
264 308 365 364 mixtus
387 305 470 364 rubor
497 304 602 379 sanguis
624 302 661 360 est
694 344 704 372 ,
744 302 792 362 sed
814 301 947 377 quaedam

10 401 20 441 t
65 385 203 459 sanguinis
219 381 365 441 similitudo
381 402 388 440 ι
410 381 446 439 lic
461 381 491 439 in
505 380 645 455 Epicureo
661 376 716 436 deo
729 394 789 436 non
810 395 852 436 ree
869 419 878 445 ,
898 376 963 445 sed=

10 478 15 519 r
67 460 258 533 similitudines
279 475 371 517 rerum
390 455 452 516 effe.
492 457 545 514 Fac
562 497 571 524 ,
590 456 645 524 id,
665 454 743 530 quod
771 472 808 513 ne
828 454 944 528 intelligi

10 536 14 595 l
69 536 186 611 quidem
199 533 304 609 potest,
324 535 393 594 mihi
406 530 460 593 effe
474 531 636 606 persuasum.
656 531 728 590 cedo
744 532 813 588 mihi
826 531 942 599 istorum

10 632 16 669 t
70 611 297 670 adumbratorum
326 607 444 671 deorum
466 609 633 682 lineamenta
653 619 736 684 atque
750 608 864 667 formas.

109 687 179 747 Non
194 687 268 745 deest
282 687 416 746 hocloco
430 688 510 761 copia
531 685 670 743 rationum
688 727 697 753 ,
722 683 820 759 quibus
840 683 942 744 docere
952 695 989 766 76

70 762 177 832 velitis,
197 764 330 829 humanas
345 760 399 823 effe
415 764 517 823 formas
532 762 666 819 deorum:
686 759 806 835 primim
820 760 898 836 quod
905 762 944 819 ita
998 762 1005 780 '
1088 776 1091 785 ·

69 837 104 897 fit
128 841 329 900 ²informatum
361 841 597 914 anticipatumque
612 837 749 904 mentibus
772 836 866 895 nostris
882 879 891 907 ,
910 850 943 896 ut

10 944 12 949 >
69 915 201 985 homini,
219 915 283 976 edm
299 915 403 976 dedeo
416 917 538 991 cogitet,
557 915 648 972 forma
664 927 789 976 occurrat
803 915 942 982 bumana:

67 991 176 1051 deinde
191 1035 199 1060 ,
219 1005 267 1063 ut,
287 991 421 1069 qubniam
434 993 512 1050 rebus
525 992 655 1050 omnibus
670 989 784 1048 excellat
798 1005 893 1048 natura
901 990 943 1048 di-

71 1068 158 1137 uina,
179 1070 268 1128 forma
282 1086 396 1147 quoque
410 1064 464 1126 elle
486 1068 650 1144 pulcerrima
670 1066 794 1124 debeat:
815 1084 868 1124 nec
888 1065 942 1149 effe

72 1142 197 1204 humani
210 1146 292 1204 ullam
306 1146 481 1219 pulcriorem.
520 1143 648 1203 Tertiam
663 1143 800 1200 rationem
824 1141 943 1213 affertis,
967 1158 969 1163 ⁴

74 1220 154 1294 quod
168 1222 240 1280 nulla
254 1223 283 1280 in
298 1222 348 1279 alia
362 1219 446 1296 figura
462 1219 637 1279 domicilium
653 1221 753 1277 mentis
768 1215 822 1278 effe
836 1221 924 1293 pollit.

114 1297 239 1357 Primum
253 1299 334 1372 igitur
346 1296 491 1371 aquidque
505 1295 708 1354 confideremus
727 1295 808 1371 quale
827 1295 866 1355 lit.
901 1313 943 1361 ar·
953 1306 987 1363 77

71 1373 164 1448 ripere
179 1375 255 1445 enim
272 1373 340 1430 mibi
357 1373 489 1429 videmini
502 1371 576 1447 quasi
599 1371 686 1429 vestro
706 1372 764 1448 jure
785 1390 844 1431 rem
859 1373 942 1442 ¹trullo
989 1371 1056 1441 Η,

59 1449 167 1507 ‘modo
182 1448 350 1524 probabilem
365 1449 504 1505 omniurn.
540 1447 611 1522 Quis
631 1459 689 1506 tam
712 1465 802 1506 caecus
822 1449 851 1507 in
873 1444 965 1510 corr·q
981 1429 1052 1502 quid·

71 1524 241 1601 templandis
255 1523 333 1580 rebus
345 1541 478 1599 umquam
494 1524 561 1592 fuit,
583 1533 612 1580 ut
634 1541 693 1582 non
715 1524 820 1582 videret
841 1492 1079 1600 speciesqmdm''

14 1646 25 1663 .,
73 1599 137 1658 illas
150 1600 424 1658 hominumcollatas
439 1600 467 1657 in
482 1599 549 1658 deos
564 1614 611 1657 aut
624 1599 739 1659 conblio
762 1601 886 1677 quodam
904 1603 944 1663 sa÷

75 1677 223 1750 picotum,
242 1693 300 1751 quo
316 1676 418 1734 facilius
434 1677 542 1734 animos
555 1676 747 1750 imperitorum
769 1677 805 1735 ad
823 1678 943 1740 deorum

75 1752 186 1810 ,cultum
200 1751 216 1811 d
231 1754 297 1809 vitae
309 1752 442 1826 pravitate
456 1763 666 1811 converterent:
686 1763 733 1810 ant
745 1753 943 1827 superstitione,

75 1838 109 1885 ut
123 1823 210 1886 effent
223 1826 363 1887 [imulacra
378 1870 387 1897 ,
407 1844 472 1904 quae
486 1841 665 1897 venerantes,
685 1829 752 1887 deos
760 1829 871 1904 ipsosse
880 1832 946 1890 -adi-
1007 1893 1013 1901 ,

57 1920 107 1961 ,τε
121 1903 284 1963 crederent?
305 1906 451 1976 Auxerunt
463 1916 557 1963 autern
570 1904 633 1963 haec
648 1904 746 1978 eadem
768 1912 882 1981 poetae,
901 1909 945 1984 pi·

73 1977 189 2048 diores,
209 1978 331 2055 opifices.
369 1982 434 2039 Erat
447 1980 541 2040 renim
563 1998 622 2040 non
642 1980 744 2048 facile,
771 1997 882 2057 agentes
895 1986 962 2044 ali-r
977 1993 1042 2042 enim
1057 1993 1094 2047 fa·

73 2056 146 2131 quid
170 2059 201 2115 &
226 2057 373 2116 molientes
394 2057 461 2115 deos
495 2058 524 2116 iu
545 2057 658 2115 aliarum
683 2058 836 2117 formarum
851 2056 1081 2119 ‘unita-cisti&-

73 2134 156 2190 tlone
170 2131 284 2192 servare.
322 2133 442 2193 Acceffit
455 2135 538 2191 etiam
553 2132 600 2191 illa
614 2135 711 2206 opinio
726 2132 836 2192 fortalie
846 2177 854 2204 ‚
864 2137 944 2211 qudd

73 2208 189 2267 homini
207 2209 325 2277 homine
345 2209 413 2268 nibil
433 2209 550 2284 pulcrius
571 2206 703 2266 rideatur.
741 2209 805 2268 Sed
815 2224 846 2269 tu
862 2213 953 2284 boc,

77 2283 216 2360 phylice,
237 2304 296 2345 non
323 2285 423 2354 vides,
453 2285 539 2362 quarn
567 2283 664 2343 blanda
692 2287 886 2359 conciliatrix,
914 2291 945 2350 &

76 2359 174 2438 ’quali
189 2360 227 2421 sui
248 2361 280 2421 fit
299 2361 360 2419 lena
382 2358 504 2420 natura?
524 2359 571 2419 An
592 2372 669 2435 putas
690 2362 773 2420 ullam
801 2361 853 2423 elle
873 2380 964 2426 terras
979 2377 1096 2442 quaesunt

77 2436 206 2511 marique
221 2437 330 2496 beluam
346 2454 439 2512 ,quae
459 2454 518 2495 non
540 2436 579 2497 sui
598 2438 704 2511 generis
723 2437 801 2497 belul
822 2443 944 2502 maxime
955 2443 1026 2500 MSS·

78 2511 256 2611 demetur-³!
272 2513 351 2608 quod
363 2516 393 2574 ni
407 2515 445 2572 ita
465 2510 554 2592 esset,
573 2529 623 2587 cur
642 2531 700 2573 non
720 2515 828 2606 gestiret
854 2529 946 2578 taurus

869 2610 950 2685 equae

77 2743 224 2797 neertdcrler
239 2743 261 2795 ir
276 2741 325 2805 idat
339 2744 383 2793 erl»
398 2743 535 2794 nataralia»
549 2744 640 2795 odoror
653 2745 802 2802 &enucleatim
818 2747 947 2811 deradere,

78 2805 122 2867 aceri
136 2810 231 2856 ariam
252 2807 296 2860 cale
315 2807 401 2867 κόμας,
415 2807 500 2864 laadan
515 2808 549 2871 ‘ets
563 2805 692 2867 danielo,
710 2809 749 2857 rael
763 2810 805 2858 α’π)
818 2812 888 2863 αὐτῆς
902 2813 947 2861 Ἀ-

77 2869 164 2922 urinia
179 2872 217 2919 etv
232 2869 394 2927 Ἀνιθυομίνην
410 2871 571 2932 άπιγριίψατο.
603 2871 688 2918 Plinius
698 2884 748 2918 tam
795 2871 884 2928 scribit,
900 2879 949 2924 Ve-

79 2944 164 2980 nerem
175 2933 319 2988 tauroentum
333 2933 445 2996 exemplo
462 2932 621 2995 campsaces,
641 2933 731 2996 pellicis
748 2939 768 2980 Α
780 2935 895 2992 euandri,
911 2938 947 3000 pi·

79 2992 147 3047 {tam
157 2991 210 3045 effe.
228 2999 280 3044 Nec
290 2992 381 3057 pollurn
392 3011 422 3044 ex
433 2995 544 3045 Plinianis
560 2994 647 3060 seriptis
664 2996 719 3045 colli
738 3009 793 3050 ere,
809 3001 888 3047 coam
900 3005 948 3051 ve·

76 3069 162 3104 nerem
173 3059 197 3107 dc
210 3057 405 3120 anadyomenem
422 3056 523 3108 eandem
542 3055 595 3122 elle,
629 3061 708 3107 Coam
722 3011 838 3122 iiquidem
853 3075 878 3110 ut
894 3054 946 3123 nou

76 3116 193 3174 absolsit,
207 3121 240 3167 ira
249 3123 380 3180 maximam
391 3121 494 3184 gloriam
504 3122 596 3170 meruit.
630 3125 744 3171 betuleius.

108 3196 130 3230 2.
147 3183 292 3239 [reformatum
305 3182 506 3246 areticr'patumqru.]¹
535 3183 629 3246 Copula
649 3182 691 3235 ista
707 3201 757 3235 non
771 3185 804 3234 est
818 3186 843 3233 in
859 3185 946 3236 editio·

10 3252 12 3257 '
75 3240 147 3295 nibus
159 3245 274 3309 vtetorii,
292 3247 369 3295 necin
384 3247 540 3310 Hervagiana.
567 3246 730 3297 Gotbofredus
746 3261 814 3297 notat
830 3253 865 3310 [q.
877 3264 898 3298 v.
912 3258 946 3308 c.]

67 3308 106 3358 «ὰ
117 3309 273 3369 anticipatum.-
290 3311 331 3372 qui
342 3310 379 3358 illi
391 3306 448 3363 lint,
457 3307 548 3359 viderit.
564 3313 590 3357 ln
601 3307 812 3360 bussidianoetiam
823 3312 905 3374 reperi,
912 3316 948 3369 io·

73 3367 212 3429 sormarum,
226 3375 366 3432 anticipatum
381 3374 504 3428 mentibus,
523 3372 587 3434 quod
603 3387 649 3436 ego
665 3388 719 3420 curn
735 3372 849 3438 prioribus
867 3389 949 3433 verum

78 3443 154 3512 puro,
169 3429 228 3499 saepe
240 3434 322 3495 Tullio
334 3433 377 3497 illa
386 3433 497 3500 alindeta
507 3448 610 3497 anaante
643 3439 740 3487 Gronov.

109 3504 112 3508 ’
462 3505 531 3559 ,Aac
545 3512 599 3546 m
613 3513 666 3547 aaa
683 3514 693 3556 5
861 3515 882 3560 ῃ.
895 3501 955 3562 Idam
