2296 3908
234 115 313 182 ²942
423 96 486 163 De
507 62 706 163 Natu-aa
727 80 922 163 Duoauu

138 199 140 203 ’
232 198 306 264 certe
322 204 399 265 nullo
413 204 511 263 modo.
542 205 625 263 virtus
638 217 730 262 autem
745 204 867 263 adluosa:
889 206 919 263 &
933 202 1000 265 deus
1014 205 1108 271 vener

230 283 297 341 nihil
310 299 408 358 agens:
428 299 522 356 expers
536 283 640 338 virtutis
654 282 758 356 igitur:
779 282 840 350 ita,
860 298 896 339 ne
924 279 1018 340 beatus
1041 286 1101 360 qui-

168 389 217 436 m
231 359 305 416 dem.
344 361 419 432 Quae
440 376 505 432 ergo
528 357 611 415 vita?
639 357 852 431 Suppeditatio,
871 357 987 432 inquis,
1007 359 1100 418 bono·

168 450 174 465 ··
232 451 312 502 tum,
332 432 740 492 nullomaiotutn'intetventu.
778 434 909 506 Quorum
924 433 1099 494 tandembo-

229 509 353 569 norum?
374 511 557 584 voluptatum.
596 509 705 567 Credo:
726 526 829 583 nempe
843 509 876 565 ad
899 526 999 584 corpus
1015 514 1098 586 perti-

228 590 364 645 nentium.
403 587 505 644 nullam
521 586 595 644 enim
613 585 741 651 novistis,
761 585 809 643 nili
824 585 979 657 prosodiam
1002 586 1099 648 icor·

228 681 296 738 pore
333 665 362 721 δι
396 661 557 722 redeuntem
585 662 619 720 ad
641 678 765 735 corpus,
797 661 883 719 animi
911 663 1097 737 uoluptatem.

138 790 142 797 .
228 739 258 782 ⁶0
266 741 335 798 Non
349 739 462 805 arbitror
475 751 520 808 te,
539 737 653 806 Vellei,
680 737 796 796 fimilent
817 733 870 795 effe
892 737 1097 814 Epicureorum

1053 835 1096 876 re-

224 982 245 1035 ri
256 982 370 1050 Epicurici
380 978 458 1034 forma
469 978 500 1032 fic
510 948 580 1035 daber
593 1001 600 1033 z
618 980 664 1033 Cui
676 981 758 1033 omnia
768 980 908 1046 voluptuosa
924 980 976 1032 iunt
987 1017 995 1041 ,
1013 981 1096 1034 beatur

225 1047 275 1097 est:
300 1050 352 1098 Diis
368 1049 451 1095 omnia
470 1049 610 1113 voluptuosa
629 1049 680 1095 lunt
696 1064 702 1094 ε
721 1053 786 1110 Ergo
809 1047 841 1094 dli
862 1045 933 1095 beati.
968 1053 1097 1100 Kurrlmm

225 1114 301 1160 Cotta
318 1113 341 1158 in
358 1111 454 1158 dubium
469 1125 538 1159 uocat
554 1146 562 1168 ,
578 1112 658 1172 ibique
669 1110 737 1158 distin
757 1113 808 1165 uit,
824 1112 848 1157 δι
861 1107 1042 1158 distineiionem
1055 1125 1096 1158 co·

224 1175 291 1236 pioie
303 1173 432 1236 amplificat
443 1206 450 1229 ‚
473 1175 606 1238 voluptates
617 1175 674 1222 alias
685 1172 730 1222 effe
740 1127 855 1222 dronestas
866 1206 872 1228 ,
898 1171 956 1219 alias
969 1172 1096 1224 obscoenat

225 1238 250 1284 δι
262 1251 344 1299 parunt
356 1236 471 1284 honestas.
503 1243 570 1285 Deos
587 1238 659 1284 etiam
677 1236 805 1284 inhonestis
827 1234 949 1299 indulgere
964 1236 1098 1301 uoluptati·

225 1297 276 1347 bus.
309 1297 353 1348 Sed
364 1298 410 1361 ipie
420 1301 532 1362 Epicurus
554 1303 578 1347 in
589 1298 688 1362 epistola
703 1300 733 1346 ad
751 1301 892 1346 Menicaunt
912 1297 984 1346 etiam
1007 1301 1036 1347 in
1051 1299 1097 1350 ho·

224 1362 326 1410 minibus
338 1365 484 1425 voluptatem
494 1361 637 1423 impudicam
659 1364 684 1409 δι
704 1376 785 1426 parum
803 1360 903 1410 sobriam
918 1359 1039 1419 damnat,
1055 1375 1097 1412 ne·

225 1423 282 1471 durn
293 1425 317 1471 in
328 1424 382 1473 diis.
401 1439 440 1475 aut
451 1425 589 1473 coelitibus:
610 1424 690 1472 laudat
706 1425 782 1474 solem
798 1437 871 1480 eam,
895 1437 946 1487 qua:
962 1424 1096 1488 capitum

226 1488 293 1536 rebus
303 1487 413 1537 honestis.
447 1492 562 1538 Beruler'us.
989 1517 990 1523 ,
1042 1513 1047 1532 r

254 1558 291 1598 6ο.
311 1559 357 1598 Non
368 1553 460 1598 arbitror
474 1564 508 1608 re,
521 1552 600 1605 Vellei,
610 1550 704 1608 fimilem
719 1550 756 1610 effe
768 1553 929 1611 Epicureorum,
946 1549 1096 1612 reliquum,

220 1628 271 1676 quer
283 1631 322 1660 non
332 1615 410 1676 pudeat
420 1616 533 1660 earundem
546 1616 634 1674 Epicuri
644 1619 739 1670 uocum]
771 1618 830 1671 Ven.
846 1613 907 1721 zm
921 1612 1001 1673 pudeat
1019 1602 1106 1661 earun'

219 1679 329 1736 Epicuri,
345 1678 390 1727 (rc.
407 1689 432 1723 ut
448 1674 632 1737 intelligendum
643 1674 670 1723 fit
682 1710 696 1730 ‚.
710 1674 828 1730 vellelum
850 1689 862 1721 a
882 1673 982 1722 modum
1001 1674 1095 1727 fortem

219 1740 359 1799 Epicureum
371 1734 454 1792 fuiise,
467 1739 508 1800 qui
519 1738 576 1785 nihil
589 1749 704 1786 vereretur
714 1738 825 1800 proloqui
832 1740 1032 1798 omnium‚quaea
1044 1752 1096 1787 tnu-

221 1800 293 1864 gistro
303 1800 424 1849 didieiiset.
458 1800 501 1848 Sed
513 1801 615 1849 mihiira
630 1800 667 1847 ltic
682 1800 812 1862 aliquando
827 1799 893 1849 locus
913 1797 960 1848 ess'e
976 1800 1094 1862 legendus

223 1862 303 1918 visus,
319 1867 380 1926 Quin
388 1864 466 1925 pudeat
477 1880 550 1909 earum
561 1865 646 1910 eandem
658 1867 746 1922 Epicuri
755 1879 840 1913 vocum.
862 1864 956 1913 Camer.
989 1870 1041 1927 Nom
1056 1883 1096 1912 ur·

223 1927 290 1972 bitror
301 1939 338 1979 te,
355 1930 432 1981 Vellei,
445 1927 539 1982 fimilem
547 1927 585 1986 effe
597 1930 748 1987 Epicureorum
758 1929 908 1982 reliquorum,
928 1941 980 1989 quor
995 1930 1095 1988 predum]

224 1992 255 2037 D.
268 1986 410 2044 Lambinus,
427 1989 564 2051 particulam
584 1989 719 2050 negativam
736 1986 811 2037 deesse
825 2003 906 2044 ratus,
926 1989 1003 2038 voluit
1018 2024 1026 2046 ,
1042 2007 1095 2054 quer

221 2067 261 2096 uon
272 2054 364 2112 pudeam
382 2053 406 2099 dt
419 2052 444 2099 in
455 2050 556 2098 eandem
568 2051 767 2114 mentem-Joaclr.
778 2053 926 2100 Camerarius
937 2052 999 2101 olim
1010 2055 1094 2112 conie-

224 2126 301 2168 cerat,
317 2116 463 2176 qur'npudear.
496 2117 538 2162 His
550 2129 599 2163 non
612 2111 710 2162 alienius
726 2114 759 2162 eii
770 2118 901 2172 Gruterus3
919 2115 976 2164 Pali.
989 2115 1037 2164 suis
1048 2114 1093 2166 ser·
1137 2130 1140 2135 ·

223 2176 423 2225 viliteraddterus.
455 2182 507 2239 Epo
529 2191 585 2225 uero
606 2178 744 2234 particulam
761 2190 888 2240 negantem
911 2191 960 2225 non
977 2177 1094 2237 adjicien·
1134 2204 1138 2227 :-

222 2237 279 2286 dam
286 2271 293 2295 ‚
310 2237 347 2287 sed
356 2238 387 2286 ab
398 2241 511 2287 orationis
523 2239 638 2303 principio
649 2237 807 2288 arceffendam
820 2241 916 2297 cense03
932 2241 1015 2289 locum
1026 2242 1092 2292 euim

208 2300 253 2351 'fic
263 2302 393 2351 constituo:
410 2304 516 2350 Arbitror
530 2317 550 2349 re
560 2337 567 2358 ‚
587 2303 667 2359 Vellei,
681 2303 774 2359 fimilem
785 2305 821 2363 effe
834 2306 983 2363 Epicureorum
994 2307 1091 2370 relique·

223 2380 288 2420 rum,
305 2367 490 2427 quosnonpudeur
500 2366 545 2417 (ec.
568 2369 633 2412 Nam
651 2367 795 2428 reliquorum
812 2367 977 2430 Epicureorum
990 2382 1093 2418 numero

224 2427 341 2484 vellelum
353 2428 456 2475 eximere
467 2442 515 2475 non
527 2428 601 2475 voluit
612 2430 694 2478 Corte.
725 2430 748 2477 Si
758 2431 778 2477 is
788 2427 844 2478 eilet
855 2430 903 2485 eius
914 2430 1025 2483 animus,
1037 2445 1092 2483 eum

224 2488 261 2553 his
268 2489 343 2538 verbis
354 2504 403 2536 non
414 2491 585 2552 alloqueretur,
593 2506 656 2550 quem
667 2492 800 2548 ultumum
810 2496 892 2546 tullus,
907 2507 959 2555 quor
968 2493 1043 2539 ederes
1052 2496 1091 2540 ud·

225 2553 304 2599 hinnit·
314 2555 342 2598 ad
353 2554 400 2598 dens
413 2586 420 2608 ‚
436 2566 459 2597 ut
470 2569 501 2598 ees
510 2553 626 2614 perfundas
635 2556 787 2613 voluptatibus.
820 2556 878 2603 lllos
890 2568 969 2602 autem
985 2555 1092 2619 magistri

224 2612 258 2663 sui
268 2630 318 2662 non
331 2615 412 2677 piguit.
447 2617 507 2663 ilinc
519 2614 573 2665 cum
586 2617 670 2686 §icero
681 2615 711 2664 de
722 2619 772 2666 Fin.
780 2632 812 2667 rr,
821 2634 840 2672 3·
858 2626 1008 2678 Torquatum
1018 2620 1094 2669 intet-

225 2690 307 2741 roget‚
324 2684 367 2725 An
379 2682 419 2724 hec
429 2680 455 2723 ab
467 2697 488 2724 eo
502 2677 625 2742 (Epicuro)
641 2696 680 2726 nen
690 2681 810 2728 dicuutur?
827 2679 889 2735 lile,
905 2681 975 2737 Quass
991 2699 1045 2728 nere
1058 2698 1092 2731 me

221 2744 314 2804 pudeat,
330 2741 407 2802 inquit
419 2775 426 2796 ,
442 2742 544 2798 iliorum,
559 2755 645 2788 autnon
655 2742 738 2803 ruffini,
753 2745 930 2803 quemadmodum
940 2759 965 2789 eu
975 2743 1091 2800 dicuntur,

224 2803 332 2859 estendere.
366 2802 454 2851 Videfis
470 2810 518 2867 AEg.
539 2805 677 2868 Menugiunr
694 2806 721 2852 ad
739 2808 809 2870 Diog.
827 2807 914 2854 Laerrii
932 2804 972 2854 lib.
986 2821 1011 2856 x.
1027 2815 1057 2871 s.
1069 2823 1092 2860 e,

148 2878 166 2909 ο
214 2869 298 2916 David
332 2873 379 2912 Nm
390 2869 481 2913 arbitror
490 2871 608 2924 restitui,
625 2870 682 2923 slya]
696 2873 788 2916 Omnes
800 2870 873 2917 critici
884 2867 991 2917 viderunt
1004 2869 1088 2920 locum

227 2928 289 2976 hune
298 2923 348 2976 'eile
362 2943 516 2991 corruptum,
532 2929 570 2978 sed
581 2929 610 2978 de
620 2930 765 2980 corredione
776 2933 835 2979 inter
850 2945 892 2979 eoe
908 2946 957 2979 non
968 2934 1091 2984 convenit.
1136 2950 1140 2957 ·

224 2991 470 3056 Lambinus-legebar,
487 3009 587 3046 quornm
599 2996 693 3054 pudere,
709 2997 733 3043 dt
753 2995 900 3043 Camerarius
915 2992 1004 3042 eodem
1027 2995 1092 3046 seusu
1123 3006 1135 3045 ζ-

224 3057 383 3178 tillim
391 3052 540 3176 ,11111ῗί
541 3055 1091 3183 ”¹riiiliilii'iaiilizilffl

227 3193 292 3229 tem:
310 3187 356 3225 Nm
365 3184 458 3226 urium
466 3196 501 3237 te,
516 3183 594 3236 Vellei,
615 3183 704 3236 nmium
716 3183 753 3242 elie
764 3187 927 3237 Epicureorum,
943 3198 995 3245 quor
1004 3136 1093 3244 pugg.

229 3243 300 3291 Lieet'
306 3243 370 3290 enim
381 3243 487 3305 Epicurei
501 3258 584 3293 omnes
598 3245 622 3292 in
638 3245 755 3307 plerisque
767 3246 942 3300 convenirent,
955 3245 998 3294 alii
1011 3261 1095 3299 tamen

229 3304 281 3357 aliis
307 3319 371 3353 eruar
397 3304 499 3370 respestu
524 3307 673 3368 voluptatum
695 3307 825 3359 severiores.
865 3307 893 3356 ld
918 3321 980 3370 putet
1004 3312 1095 3365 velex

229 3367 334 3428 eoquod
347 3369 417 3430 paulo
427 3369 478 3433 poil
488 3369 583 3421 dicitur.
600 3369 715 3431 quosdam
727 3370 810 3418 seilicet
820 3370 953 3434 voluptates
966 3383 1096 3433 corporeae

228 3428 396 3495 uituperauiise.
428 3439 476 3483 Eue
486 3431 536 3482 fine
547 3430 620 3482 dubio
628 3433 729 3498 pudebat
738 3434 878 3499 placitorum
889 3433 991 3500 turpium
999 3433 1097 3498 stupra·

981 3503 1097 3566 “nosve
