2296 3908
208 111 291 213 3r86
370 116 943 186 Dannivrnarronn

179 256 180 262 ¹
207 251 257 310 per
272 227 339 291 liber
352 229 400 298 is,
420 216 506 307 quein
528 225 562 285 ad
578 223 702 302 nostrum
724 226 857 295 Atticum
881 228 917 288 de
937 226 1097 291 senemne

208 308 342 368 misimus.
366 304 401 366 ln
416 306 584 381 primisque,
604 304 740 377 quoniam
755 302 929 380 philosophiis
941 307 985 365 vir
999 307 1094 368 bouus

208 382 326 444 officitur
341 427 350 455 ,
370 385 399 442 ὃ(
414 383 510 451 fortis,
523 379 602 460 ‘Cato
615 378 708 438 noster
720 382 751 439 in
764 383 866 440 horum
881 382 1019 443 librorum
1038 403 1093 446 nu·

209 473 291 521 meto
306 459 451 538 ponendus
466 459 511 520 est.

88 576 97 598 c
182 542 202 600 4
249 533 380 615 Cumque
395 534 556 612 Aristoteles
572 575 581 604 ,
600 531 726 611 itemque
741 530 950 611 Theophrastus
968 580 977 606 ‚
996 539 1090 600 excel-

207 613 294 675 lentes
309 612 439 687 siricum
456 613 618 680 subtilitate,
637 624 698 670 tum
713 612 812 688 copia,
832 631 897 671 curn
915 613 1090 692 philosophia

207 691 318 751 dicendi
338 694 421 752 etiarn
451 696 589 766 praecepta
603 689 839 764 conjunxerint,
864 691 949 749 nostri
970 711 1088 770 quoque

208 765 332 829 Oratorii
351 769 459 829 libriin
479 765 600 826 eundern
621 783 772 824 numerum
789 767 927 826 referendi
947 768 1088 831 videntur.

204 846 242 980 ig
261 858 315 906 tres
335 857 415 906 erunt
434 845 468 904 de
489 846 626 926 Oratore:
646 855 781 920 quartus,
800 842 926 904 Brutus:
954 847 1089 923 quintus,

179 965 184 969 -
238 934 320 983 rtoi·

52 989 75 1047 ¹b
90 997 133 1045 *W
147 997 202 1074 ³⁶1}-
249 940 330 1069 dia
342 1015 446 1059 nnuc
465 997 528 1056 haec
543 1007 629 1056 eraut.
654 995 690 1055 ad
711 995 815 1072 reliqua
828 994 931 1057 balacri
950 997 1087 1063 teudeba-

58 1073 269 1136 aquampmus
290 1077 412 1147 animo,
432 1074 468 1133 fic
491 1075 598 1151 parati,
619 1086 650 1131 ut
671 1114 681 1140 ,
707 1070 756 1131 nifi
770 1084 854 1150 cquaa
875 1091 954 1134 caua
975 1078 1086 1152 gravior

58 1125 135 1175 Lm·
179 1146 370 1221 obstinet,
390 1152 497 1213 nullum
512 1148 693 1227 philosophiae
707 1149 802 1227 locum
823 1147 877 1210 elle
934 1163 1085 1226 tenemur,

207 1231 329 1309 quinon
352 1223 458 1288 Latinis
478 1228 560 1288 literis
582 1224 722 1313 illpstratus
741 1238 856 1303 pateret.
926 1229 987 1304 uod
1008 1233 1084 1291 enim

207 1316 309 1369 munus
323 1298 481 1383 reipublicae
501 1294 598 1364 afferre
631 1304 719 1378 majus
761 1303 895 1364 meliusve
917 1299 1087 1382 possumus,

208 1380 336 1463 quim'st
368 1376 504 1442 docemus
543 1387 627 1458 atque
649 1380 789 1440 erudimus
812 1381 1023 1457 juventutem?
1043 1385 1085 1444 hit

153 1506 154 1513 ,
227 1447 355 1520 raelertim
381 1459 502 1535 moribus
529 1469 612 1536 atque
633 1458 821 1532 temporibus:
842 1458 941 1596 (ἑυίδω
963 1463 1003 1521 ita
1021 1478 1086 1538 pto⁴

206 1480 279 1672 dapisa
298 1537 337 1599 est
356 1578 366 1609 ,
385 1549 417 1598 ut
436 1536 567 1596 omnium
593 1534 691 1612 opibus
717 1535 845 1594 refrenari
865 1553 881 1595 a
901 1552 934 1596 ae
951 1555 1084 1600 coercen⁴

223 1639 226 1648 ·
267 1632 298 1674 r.

179 1615 306 1770 pdaNdc
320 1687 389 1750 verb
404 1689 433 1750 id
447 1682 518 1750 effici
532 1684 608 1768 posse
631 1685 745 1749 confido
761 1731 771 1760 ,
790 1688 868 1766 quod
890 1708 927 1750 ue
943 1681 1081 1768 postulan-

111 1821 113 1829 Α
204 1762 272 1828 dum
288 1767 402 1844 quidem
418 1767 472 1840 est,
493 1781 523 1826 ut
537 1778 637 1842 omnes
651 1758 838 1825 adolescentes
857 1767 884 1826 se
899 1765 936 1826 ad
950 1771 1016 1829 baec
1029 1768 1079 1829 ilu-

204 1845 248 1905 dia
264 1856 437 1904 convertant
474 1845 555 1921 pauci
570 1843 674 1903 utinam
692 1847 699 1900 i
720 1854 841 1919 quorum
856 1847 963 1906 'tamen
987 1847 1016 1906 iu
1039 1863 1079 1904 re·

206 1921 314 1997 publica
332 1916 387 1981 tare
401 1932 494 1997 patere
516 1921 617 1998 poterit
636 1917 772 1979 industria.
812 1913 954 1998 Equidem
983 1940 1020 1983 ex
1041 1923 1077 1981 bit

204 1997 290 2071 etiam
310 1997 431 2059 studium
453 2000 533 2073 capio
554 1996 652 2056 laboris
674 2000 756 2069 mei,
782 1999 830 2073 qui
845 2001 901 2078 jam
918 2010 1004 2060 aetate
1017 2017 1078 2076 pto·

91 2085 118 2138 r.
132 2085 159 2138 n.
204 2072 321 2149 tediiyin
341 2075 437 2135 nostris
456 2075 528 2134 libris
549 2069 747 2152 acquiescuntt
771 2086 914 2151 squorum
935 2074 1028 2137 studio
1043 2077 1078 2136 le·

199 2151 285 2229 gendi
299 2170 396 2212 meum
408 2149 540 2212 scribendi
560 2150 679 2224 studium
695 2151 888 2212 vehementius
909 2145 1001 2212 indies
1014 2153 1078 2213 inci·

202 2226 298 2306 tatuit}
313 2247 383 2305 quos
398 2227 511 2306 quidem
527 2226 615 2305 plures
630 2271 640 2300 ,
659 2226 744 2306 quim
761 2226 854 2299 rebar,
875 2220 931 2287 effe
945 2231 1075 2306 cognovi.

202 2299 387 2365 Maonificum
410 2300 475 2363 illud
497 2307 580 2363 etiam
596 2347 606 2375 ,
625 2306 761 2366 Romanis
781 2322 817 2366 ue
837 2305 1001 2367 homiuibus
1019 2307 1077 2384 plo·

202 2350 330 2453 rtatim,
351 2395 393 2455 uti«
403 2382 508 2441 Graecis
523 2381 557 2439 de
573 2379 678 2458 philoso
699 2376 743 2441 hia
762 2324 862 2442 ditteris
883 2398 945 2442 non
969 2397 1074 2462 egeant·

201 2450 291 2533 Quod
305 2455 427 2535 ailequar
440 2456 586 2535 proteus,
607 2401 759 2519 srindituta
768 2454 927 2593 perfecero.

175 2538 195 2597 6
240 2537 284 2594 Ac
300 2531 367 2594 mihi
402 2536 494 2594 uidem
506 2535 676 2611 explicandae
691 2535 766 2610 philo
777 2536 871 2612 ophiae
885 2537 998 2598 causam
1007 2551 1073 2600 attu-

200 2608 231 2670 lit
245 2613 334 2687 gravis
348 2553 423 2672 cadus
438 2612 570 2681 civitatis,
591 2610 655 2670 cum
671 2613 700 2670 in
714 2613 795 2672 armis
808 2613 933 2673 civilibus
947 2633 1004 2675 nec
1018 2631 1073 2676 tue·

182 2746 185 2751 .
200 2687 223 2748 ri
238 2706 305 2748 meo
320 2707 400 2748 more
415 2689 614 2765 rempublicam
631 2732 639 2756 ,
659 2706 711 2748 nec
734 2689 802 2748 nihil
822 2707 905 2766 agere
920 2705 1071 2766 poteram

82 2827 91 2833 ,
198 2775 269 2837 nec,
284 2757 351 2846 quid
365 2766 472 2842 potius,
493 2765 570 2843 quod
584 2765 698 2842 quidem
713 2780 761 2824 me
775 2767 892 2842 dignum
907 2764 995 2840 effet,
1015 2787 1073 2848 age·

198 2853 276 2914 retii,
296 2836 475 2919 reperiebam.
514 2832 628 2901 Dabunt
642 2844 723 2918 igitur
744 2843 812 2900 mihi
834 2843 950 2915 veniam
967 2848 1025 2907 mei
1038 2847 1073 2906 ci·

199 2935 264 2992 tres,
284 2920 457 2998 deigratiam
472 2916 562 2996 potibs
576 2915 733 2989 habebunt,
751 2917 855 2997 quod,
876 2919 946 2983 cbm
964 2921 1067 3012 effetis

396 3041 398 3044 -
994 3016 1068 3061 unius

230 3222 252 3268 3.
268 3207 447 3274 ammiratio
469 3229 496 3250 -·-
512 3209 637 3277 taetram]
656 3219 685 3267 nr
696 3217 766 3268 editis
779 3216 855 3269 nont
867 3215 936 3270 tibris
948 3251 957 3279 ,
969 3230 997 3271 ut
1006 3221 1033 3272 tt
1046 3217 1068 3269 ῐι

196 3277 277 3325 Msro.
289 3276 431 3334 harleiano,
448 3279 478 3327 ad
491 3293 575 3328 vocem
586 3287 653 3329 citare
666 3278 698 3330 fic
712 3283 822 3351 laudatup
833 3282 900 3331 hicce
915 3283 1006 3333 locust
1021 3298 1066 3350 qua

203 3344 208 3351 '
260 3340 356 3396 fisidiam
375 3343 394 3388 ie
406 3342 453 3387 enda
468 3356 509 3389 nan
519 3343 625 3403 scribendi
638 3344 735 3406 studium
749 3350 895 3394 vehementius
912 3349 983 3395 indies
995 3350 1063 3397 ciem

232 3354 452 3465 gemeumscrdeadi
464 3406 564 3463 stadium
586 3432 610 3441 --
626 3411 686 3458 ciras.
720 3413 807 3458 Verum
821 3407 1064 3488 scripturamque!

188 3468 241 3533 pras
251 3461 275 3519 li
284 3462 362 3521 ferunt
372 3468 518 3532 escensis,
533 3467 787 3530 nominatorem
797 3472 891 3541 centes.
924 3475 1011 3602 md
1023 3529 1067 3589 m
