2296 3908
214 132 408 204 Iliona
449 136 786 203 Saeuum-us.
856 140 940 221 2969

45 246 150 308 habitis
169 249 287 325 ignibus.
324 247 386 323 Jam
408 244 480 305 vero
500 246 604 325 reliqua
624 258 720 324 quarta
739 247 800 321 pa'r's
819 245 938 318 mundi,

45 332 90 383 aa
110 326 208 401 &ipsa
223 340 282 385 tota
295 322 506 384 naturdfervida
519 325 574 393 eli,
590 323 724 382 &ceteris
732 322 939 381 naturisomni·

45 418 109 459 »us
124 402 266 461 salutarem
296 400 421 476 impertit
437 400 476 459 ·&
489 401 603 459 vitalem
618 401 751 459 calorem.

96 480 143 535 Ex
159 496 217 554 quo
231 478 422 546 concluditur,
441 476 507 535 cium
522 494 622 537 omncs
638 476 736 535 mundi
761 486 849 551 partes
860 474 934 533 susti·
943 485 982 543 28
1043 487 1047 495 '

45 554 300 623 :eanturcalore‚
321 554 459 613 mundum
482 554 567 613 etiarn
586 553 675 629 ipsum
711 551 792 624 limili
824 554 938 628 parique

45 640 159 688 natura
171 632 201 691 in
214 644 290 690 tanta
305 630 482 689 diuturnitate
495 628 607 689 servari:
628 642 721 706 eoque
735 630 840 704 magis,
859 626 939 707 quiid

45 704 177 782 intelligi
200 706 309 773 debet,
338 707 458 766 calidum
489 704 556 765 illud
588 718 672 781 atque
697 707 810 779 igneum
844 706 882 764 ita
909 707 941 763 in

45 784 143 840 omni
159 783 248 842 fusum
265 783 319 843 effe
331 796 444 850 natura,
464 784 539 841 utin
561 800 597 840 eo
618 782 681 841 iniit
703 782 867 857 procreandi
895 783 939 841 vis

45 858 91 917 ἃ
107 862 186 917 caula
200 859 350 936 gignendi,
370 858 386 917 i
401 876 461 936 quo
476 858 506 917 ὃ(
529 859 678 917 animantia
698 860 794 917 omnia
809 901 818 927 ,
838 860 869 917 &
883 876 916 917 ea
931 900 941 926 ,

45 952 188 1011 quorum
203 938 294 1012 stirpes
305 936 378 996 terra
392 935 589 1005 continentur,
609 934 720 995 &nasci
732 934 764 993 lit
777 932 942 1006 necelie,&

48 1013 218 1086 augescere.

71 1118 75 1125 ·
102 1088 160 1147 ΧΙ.
180 1090 346 1151 Narona
368 1090 406 1149 est
424 1092 524 1167 igitur,
543 1106 608 1167 quae
623 1088 787 1149 econtineat
800 1088 937 1148 mundum
951 1105 987 1163 29

54 1182 202 1236 omnem,
218 1184 345 1245 ‚eumque
358 1165 500 1237 ‘tuearun
520 1166 550 1225 δι
565 1183 597 1225 ea
611 1164 725 1243 quidem
736 1177 800 1225 ‘non
815 1164 961 1224 fineen-e
983 1163 1090 1213 continet

50 1238 92 1301 fu
112 1255 195 1319 atque
214 1245 332 1303 rarione.
371 1261 488 1303 omnem
504 1244 580 1303 enirn
605 1255 731 1300 naturam
752 1240 862 1301 necelie
881 1243 936 1313 eil,
946 1231 1090 1340 ffiem

83 1334 130 1376 uae
143 1336 203 1377 non
215 1320 331 1379 solitaria
345 1319 394 1387 sit,
413 1337 506 1395 neque
520 1318 652 1393 simplex,
670 1318 717 1378 sed
732 1319 860 1377 eumalio
871 1319 937 1394 jun·
949 1357 993 1403 MS

93 1412 110 1452 a
129 1408 214 1472 atque
227 1413 373 1465 connexa,
393 1395 494 1453 habere
515 1395 635 1471 aliquem
650 1394 719 1453 inse
735 1396 937 1470 principatum,
993 1391 1000 1405 '

58 1483 96 1530 ut
109 1473 139 1529 in
153 1473 272 1531 homine
286 1487 431 1539 mentem,
450 1474 480 1531 in
492 1471 572 1531 belua
592 1470 725 1548 quiddam
749 1471 836 1530 simile
858 1490 940 1531 men·

58 1548 116 1615 tis,
135 1548 211 1606 unde
225 1549 347 1608 oriantur
360 1565 452 1611 rerum
465 1549 609 1624 appetitus.
628 1546 661 1605 ln
689 1547 819 1607 arborum
843 1561 938 1608 autem

63 1624 98 1681 δι
115 1641 210 1683 earum
224 1642 333 1694 rerum,
352 1642 418 1701 quae
432 1626 582 1701 gignuntur
596 1623 613 1681 ὲ
633 1634 729 1692 terra,
748 1624 882 1684 radicibus
895 1626 940 1685 in·

63 1696 120 1758 elle
142 1702 305 1777 principatus
326 1713 443 1777 putatur.
481 1702 666 1775 Principatum
685 1700 828 1759 autemid
849 1702 940 1773 dico,

64 1776 146 1853 quod
169 1778 261 1836 Graeci
282 1778 436 1849 ἡγεμονικὸν
457 1788 587 1837 vocant:
607 1794 665 1853 quo
686 1776 755 1835 nihil
776 1777 804 1835 in
827 1795 943 1855 quoque

64 1870 170 1927 genere
184 1871 239 1913 nec
261 1854 351 1930 potest
377 1872 432 1915 nec
451 1854 534 1915 debet
556 1851 610 1912 effe
631 1852 807 1928 praestantius.
846 1850 944 1932 Iraque
1020 1900 1030 1919 s

64 1926 175 1987 neceffe
190 1930 246 2000 est,
265 1930 333 1991 illud
347 1932 450 2002 etiam,
470 1932 499 1992 in
514 1948 574 2007 quo
587 1928 620 1989 fit
634 1930 720 1989 totius
741 1942 846 1988 naturae
867 1934 943 2008 prin·

65 2006 196 2080 cipatus,
223 2004 277 2065 effe
298 2010 429 2067 omnium
450 2009 619 2083 optimum,
639 2007 825 2083 omniumque
847 2026 940 2067 rerum

63 2080 201 2157 potestate
227 2083 430 2162 dominatuque
455 2084 651 2161 digniffimum.
883 2106 888 2115 ’

105 2158 245 2219 Videmus
258 2172 370 2229 autem,
389 2161 551 2237 inpartibus
566 2158 663 2219 mundi
673 2158 752 2231 (nihil
767 2158 804 2217 eil
817 2160 892 2218 enirn
911 2161 939 2219 in
954 2175 990 2236 30

67 2236 150 2295 omni
164 2236 290 2306 mundo,
309 2236 389 2314 quod
400 2256 460 2297 non
476 2255 536 2313 pars
550 2235 668 2297 univerit
681 2233 816 2311 nannete
834 2234 942 2296 senium

66 2314 99 2371 &
113 2315 261 2374 rationem.
299 2313 332 2372 ln
354 2332 387 2372 ea
444 2326 484 2372 rte
505 2314 611 2388 igitur,
629 2315 659 2371 in
680 2328 735 2389 qua
756 2310 855 2372 mundi
873 2313 943 2375 inest

65 2389 250 2465 principatus,
270 2389 332 2449 haec
346 2392 374 2449 in
414 2387 554 2450 eneceffe
569 2389 624 2459 est,
649 2390 681 2447 δι
701 2388 805 2447 acriora
827 2390 943 2465 quidem
980 2408 986 2419 ⁴

66 2478 153 2540 atque
170 2468 283 2543 majora.
323 2469 465 2543 Quocirca
483 2466 634 2542 sapientem
657 2461 711 2524 else
732 2467 872 2525 anundum
893 2482 977 2528 tre-r.
995 2480 1092 2543 xxm,

66 2539 141 2600 celle
155 2542 209 2603 eli:
229 2556 411 2619 naturamque
427 2561 508 2613 eam,
527 2555 592 2619 'quae
615 2562 656 2602 res
675 2558 775 2601 omnes
795 2543 945 2619 complexa

65 2631 179 2690 teneat,
199 2620 371 2695 perfectione
387 2621 499 2679 rationis
513 2619 665 2689 excellere,
685 2635 778 2695 eoque
792 2618 879 2679 deum
890 2620 945 2679 effe

67 2695 227 2764 mundum,
247 2711 424 2773 omnemque
439 2698 499 2755 vim
523 2697 622 2754 mundi
635 2692 730 2755 naturi
745 2694 840 2755 divini
852 2698 945 2757 conti·

66 2774 137 2834 neri.
176 2784 206 2828 4ι
214 2774 310 2851 Atque
325 2774 411 2832 etiarn
425 2771 525 2832 mundi
536 2772 582 2831 ille
600 2774 694 2833 fervor
714 2780 743 2825 4³
751 2774 861 2847 purior,
883 2791 946 2910 pqr-

916 2868 948 2909 u-

69 3032 166 3080 Gruter.
198 3035 283 3096 ltaque
293 3030 360 3097 quod
369 3030 458 3082 habent
469 3036 535 3083 MSS.
551 3030 659 3088 restitui,
674 3030 731 3092 quia
747 3030 847 3095 cogebar
864 3034 944 3090 rarior

65 3090 233 3167 subitosenim
243 3109 313 3144 vocat
326 3096 419 3145 nostros
429 3094 597 3158 quotidianos,
608 3097 634 3144 δι
644 3094 747 3160 opponit
756 3096 804 3145 illis
814 3098 945 3154 saturnin&

66 3154 387 3213 acherontammnlibus.
419 3164 516 3209 Gronov.
846 3188 849 3195 ·

66 3222 947 3349 reseratamlilas'lalllzlalli‘ld'ariamirus

68 3356 145 3393 certus
161 3345 278 3411 adsignari
288 3364 340 3397 non
349 3346 434 3413 potest„
468 3346 541 3398 Pollis
553 3348 644 3415 legere,
661 3348 741 3399 donec
755 3349 769 3397 ὲ
783 3350 946 3397 alstemum

68 3407 160 3471 aliquid
172 3411 324 3485 proferatur,
340 3424 405 3475 arque
414 3410 518 3472 qieriam
531 3414 577 3465 dre.
594 3410 699 3463 Verbum
709 3412 738 3471 est
755 3411 813 3476 sape
823 3410 837 3460 a
848 3411 947 3459 librariis

68 3469 256 3535 fuiromrffum,
271 3476 337 3541 quod
349 3474 623 3542 multispoilitoliendi.
643 3478 743 3529 nouiter.
911 3537 928 3582 P
1071 3520 1074 3525 .

857 3548 907 3597 ti?
933 3552 962 3584 a·
