2296 3908
1013 36 1021 81 3
1066 42 1071 53 .

222 163 301 232 3032
409 141 907 211 DuNarunaDcouuu
1050 115 1053 118 ¹

153 264 209 342 '¹3¹
222 248 329 308 milium
346 245 618 337 diciturudeportare.
656 247 801 325 Multaque
822 246 872 306 alia
892 246 922 305 in
941 244 1001 333 aliis
1023 246 1091 313 locu

220 325 478 385 commemorabilia
491 328 613 400 proferre
628 323 752 402 polium:
773 325 875 384 multos
888 323 992 382 fertiles
999 340 1089 402 agros,

220 403 289 462 alios
314 403 431 460 aliorum
450 402 600 462 fruetuum.

260 479 338 537 Llll.
360 479 433 537 Suu
454 496 544 536 rtur
564 490 666 556 quanta
687 478 838 566 benignitas
859 488 990 566 naturae,
1011 476 1088 555 quhd

219 567 278 614 tam
292 555 378 614 multa
393 555 428 614 ad
442 555 608 615 vescendum
624 597 633 625 ,
652 568 710 614 tam
743 573 816 615 varra
835 566 949 630 tamque
962 555 1088 630 Jucunda

219 632 323 708 gignit:
344 648 435 708 neque
450 636 482 690 ea
495 650 554 692 uno
566 645 693 708 tempore
708 633 786 691 anni:
808 642 839 691 ut
856 631 963 704 semper
986 633 1018 690 &
1038 649 1086 690 no-

132 715 137 722 ’
218 711 304 766 vitate
318 707 487 766 delectemur
512 711 542 767 &
567 707 668 784 copiti?
687 708 785 783 Quam
800 707 981 783 tempestivos
994 719 1085 768 autern

120 840 122 845 ,
217 784 311 852 dedit,
329 783 415 860 quim
428 783 551 844 salutares
564 803 624 845 non
638 784 728 843 modb
742 785 890 844 hominum
909 827 919 853 ,
938 783 986 842 sed
1002 785 1084 845 etiam

217 860 358 936 pecudum
371 862 487 937 generi,
507 863 538 920 iis
552 861 672 938 denique
684 861 830 930 omnibus,
849 879 914 937 quae
929 860 1084 931 oriuntutd

219 949 308 1007 terra,
327 949 425 998 ventor
439 936 561 998 Etesrasi
574 951 701 1016 ‘quorum
715 938 780 997 flatu
793 940 874 999 nimii
894 949 1083 1013 temperantur

217 1012 329 1072 calores.
367 1015 413 1072 Ab
433 1013 530 1074 llsdcm
552 1019 636 1075 etiam
657 1015 788 1074 maritimi
816 1013 905 1072 curlus
927 1015 1033 1073 celeres
1057 1016 1084 1075 δι

163 1131 166 1137 ·
216 1090 286 1149 certi
304 1089 462 1166 diriguntur.
501 1092 593 1152 Multa
621 1090 811 1168 praetereunda
831 1091 914 1150 sunt:
935 1093 968 1148 ὅ(
990 1102 1084 1152 tamen

154 1167 302 1239 132multa
313 1165 453 1227 dicuntur.
471 1168 635 1228 Enumerari
649 1169 725 1226 enim
738 1186 797 1227 non
812 1164 922 1242 poliunt
935 1165 1083 1230 fluminum

68 1269 96 1306 m
109 1267 162 1306 mm
215 1244 447 1320 opportunitates:
468 1246 545 1304 aellus
560 1245 691 1305 maritimi
714 1257 734 1287 ¹¹¹
744 1244 861 1303 multum
877 1244 1044 1304 accedentes
1057 1246 1085 1305 δι

66 1319 147 1368 seced.
158 1332 209 1366 tum
218 1318 375 1378 recedentes
393 1339 400 1377 ι
429 1334 538 1381 montes
554 1321 641 1382 vestiti
673 1333 764 1399 atque
777 1320 925 1380 srlvellres:
946 1318 1040 1379 salinae
1053 1320 1084 1379 ab

64 1381 200 1493 {ffidffi‘
218 1406 266 1453 ota
280 1397 417 1482 maritima
431 1399 618 1458 remotillimae
628 1418 634 1456 :
644 1398 915 1482 medicamentorum
927 1395 1084 1456 salutarium

12 1540 20 1548 ,
64 1464 135 1555 ὦ
217 1470 494 1547 plenrffirnaeterrae:
521 1487 590 1536 artes
611 1475 730 1550 denique
746 1472 976 1542 innumerabrles,
995 1473 1033 1534 ad
1046 1474 1084 1534 ri·

64 1567 144 1619 m,
217 1547 294 1606 dum
335 1551 366 1609 &
393 1551 539 1612 advitam
570 1549 734 1611 neceffariae.
769 1551 831 1623 Jam
857 1550 911 1610 diei
937 1548 1085 1627 nodisque

64 1633 148 1694 naurs.
216 1625 371 1686 viciffitudo
385 1625 527 1687 conservat
546 1631 698 1687 animantes
719 1670 728 1698 ‚
754 1626 874 1687 tribuens
891 1625 967 1684 aliud
985 1626 1084 1701 agendi

215 1714 350 1778 ternpus,
370 1703 442 1762 aliud
461 1703 626 1780 quiescendi.
665 1704 709 1762 Sic
728 1703 850 1780 undique
877 1702 958 1762 omni
978 1704 1085 1763 ratione

217 1780 414 1848 concluditur,
445 1794 540 1839 mente
558 1780 729 1857 consilioque
755 1780 852 1840 divino
872 1780 969 1838 omnia
984 1780 1017 1838 in
1032 1780 1084 1839 hoc

217 1855 327 1916 mundo
340 1855 376 1914 td
392 1855 505 1916 salutem
529 1859 658 1917 omnium
685 1856 983 1932 conservationemque
998 1855 1085 1917 admi·

216 1932 333 1993 rabiliter
347 1931 533 1994 administrari.
908 1968 910 1970 -

151 2026 205 2086 133
255 2009 302 2068 Sin
316 2020 446 2083 nuitaret
459 2013 610 2087 quispiam,
630 2011 772 2087 cujusnam
788 2009 866 2072 cauli
885 2021 1028 2070 tantarum
1044 2027 1084 2069 rc·

65 2102 84 2138 ¹
96 2099 185 2150 ‘lumt
216 2104 279 2146 rum
294 2086 404 2145 molitio
416 2086 488 2146 facta
503 2086 556 2147 fit:
584 2088 750 2149 arborumne
774 2089 803 2146 ὃ(
822 2088 968 2147 herbarum
988 2086 1001 2144 ?
1022 2104 1083 2164 quae

65 2151 121 2199 ⁸⁸·
217 2179 388 2241 quamquam
405 2161 461 2222 fine
476 2162 552 2223 sensu
566 2164 644 2234 sunt,
661 2177 756 2224 tamen
770 2163 785 2222 h
800 2177 895 2223 natura
905 2162 1083 2235 sustinentur.

96 2263 191 2312 mn,
215 2255 243 2300 at
256 2240 285 2299 id
299 2239 413 2316 quidem
426 2240 568 2300 absurdum
584 2241 631 2300 est.
668 2242 715 2300 An
731 2237 894 2299 belliarum?
914 2240 1005 2299 nihilo
1021 2258 1083 2317 pro·

211 2317 340 2384 habilius,
359 2316 427 2376 deos
448 2329 587 2378 mutarum
614 2320 644 2377 δι
673 2317 741 2391 n'dril
769 2317 982 2392 intelligentium
1006 2313 1083 2382 causi

212 2406 321 2455 tanturn
333 2391 472 2452 laboralse:
510 2397 641 2470 Quorum
656 2395 738 2469 igitur
760 2392 837 2452 causi
851 2395 911 2470 quis
926 2392 1028 2455 dixerit
1042 2394 1084 2452 el·

66 2502 83 2537 o
98 2486 174 2538 soum
212 2471 317 2532 ledum
331 2466 386 2528 elle
400 2469 537 2530 mundum
553 2469 566 2530 ἓ
593 2471 700 2530 Eorum
723 2470 847 2530 ⁰scilicet
867 2469 1056 2528 animantium
1072 2510 1083 2540 ,

65 2553 280 2626 inimicumne
294 2547 402 2607 ratione
418 2559 540 2609 utuntur.
577 2547 607 2607 hi
621 2547 685 2606 sunt
707 2545 745 2605 dii
771 2548 802 2606 ὃς
815 2547 944 2606 homines
955 2563 961 2600 :
974 2546 1083 2622 ,quibua
1122 2562 1123 2585 ³

211 2622 341 2702 profedlb
355 2623 423 2683 nihil
437 2623 474 2683 est
487 2623 593 2684 melius.
631 2624 700 2682 ratio
716 2622 753 2681 est
774 2624 874 2693 enirn,
893 2632 959 2698 quae
975 2621 1083 2697 praellat

177 2713 182 2725 “
211 2703 356 2783 omuibus,
387 2696 462 2760 88ita
483 2698 515 2760 fit
536 2699 688 2771 credibile,
726 2698 844 2759 deorum
879 2700 909 2760 δι
929 2698 1083 2771 homiuum

1019 2776 1092 2836 cau·'

209 2944 249 2986 rt.
265 2935 348 2994 David
379 2937 443 2984 cum
453 2930 714 2989 Dariliofacerem,li
744 2942 836 2987 areret,
850 2927 912 2978 unde
926 2928 978 2977 hacc
993 2929 1082 2979 Cicero

112 3004 116 3022 ¹
210 2999 345 3056 transtulit,
360 2997 402 3047 etl’r
413 3012 458 3047 nos
467 2999 587 3058 utriusque
597 2995 667 3045 rerba
678 3010 709 3058 po
730 3009 796 3043 emus
809 2992 924 3043 conferre.
958 2996 1016 3041 Hoc
1026 2991 1081 3043 citur

210 3061 328 3111 incertum
343 3059 387 3116 lit,
402 3061 502 3126 vulgate
511 3060 609 3109 lectioni
619 3069 689 3108 tanto
699 3055 808 3106 libentius
825 3055 947 3112 adhaec,
964 3057 1024 3120 quia
1038 3070 1081 3114 ret,

209 3123 345 3184 quentilla
367 3122 493 3186 designat,
513 3124 591 3171 minus
612 3120 645 3170 est
665 3119 806 3169 incredibilis
832 3119 906 3184 quam
929 3119 1006 3168 altera
1032 3118 1082 3170 illc.

209 3190 363 3237 Frumentum
376 3186 434 3236 illud
444 3200 493 3235 erat
503 3185 658 3235 verisimiliter
668 3184 777 3239 milium,
793 3197 842 3246 quo
854 3179 915 3246 apud
926 3194 1020 3232 veteres
1032 3194 1082 3231 nou

107 3266 110 3271 ·
207 3248 307 3298 rantum
320 3249 374 3298 ludi
388 3249 554 3306 vescebantur,
574 3249 611 3297 sed
627 3250 700 3296 eriam
716 3250 843 3300 Sarmata,
864 3245 906 3319 qui
921 3257 989 3293 erant
1009 3242 1083 3294 ticini

209 3311 317 3362 {ontibus
328 3312 389 3363 ludi.
405 3312 465 3362 Vide
474 3314 593 3362 AElianurn
604 3317 659 3360 var.
670 3308 728 3359 llill.
735 3322 781 3359 ιιι.
789 3325 825 3366 39·
843 3311 868 3358 δι
875 3307 907 3357 rbr
917 3309 1079 3358 Perizonium.

208 3379 308 3424 Boutta.
664 3410 666 3421 r

241 3447 279 3487 aa.
295 3447 332 3486 lu
337 3439 366 3500 fir
374 3439 492 3497 credibile]
507 3436 627 3487 lladlerms
637 3424 836 3500 culi,lraque;sed
846 3432 955 3483 enclitica
965 3432 1083 3482 eaomnl·

58 3524 132 3676 ι,
205 3502 481 3562 hordeaceorum,
495 3499 570 3570 etque
582 3513 678 3569 propter
696 3502 773 3566 rejeci
789 3501 903 3569 orirerur,
934 3495 980 3551 §erl
996 3510 1029 3550 an
1041 3493 1082 3612 {a
