2296 3908
268 126 761 212 narraremus.
874 165 949 233 3¹4¹

13 318 15 323 ,
72 244 205 311 &deum
221 247 407 325 respondisse,
428 246 758 310 vastitatemeffclraliae:
779 250 952 326 praecepiiie·

13 330 37 343 ·’
69 342 147 461 que,
167 340 199 386 ut
212 328 514 402 pergeretlprotinus:
534 327 602 405 quid
629 326 704 386 retro
723 341 806 404 arque
827 328 844 386 h
869 334 976 404 tergoic
991 352 1104 403 protenus

19 460 24 467 ,
93 416 170 471 eret,
190 423 227 464 ne
244 405 387 463 laboraret.
829 424 839 441 ·
963 405 1059 453 tamt„

112 481 198 553 Apud
215 482 398 555 Agathoclem
411 480 540 555 scriptum
556 481 584 540 in
599 480 708 539 historia
725 479 781 548 est,
801 479 946 538 Hamilca·
962 504 997 559 50
1080 528 1084 536 .

69 570 133 614 rem
150 555 418 633 Carthaginiensem,
440 557 504 616 cunr
525 569 698 634 oppugnaret
720 557 886 632 Syracusas,
904 558 945 615 vi·
973 566 996 611 Ρ.
1011 568 1077 617 xci.

70 631 133 690 sum
149 630 202 690 elie
217 635 310 692 audire
325 652 446 702 vocem,
467 634 493 692 se
509 635 636 708 postridie
651 646 813 694 cenaturum
831 633 948 709 Syracu-

70 707 106 767 sis
122 728 130 766 r
151 710 215 767 ciam
231 723 324 770 autern
339 713 361 770 is
375 710 432 769 dics
451 708 599 777 illuxisset,
628 728 759 786 magnam
780 710 945 769 seditionem

68 785 106 843 in·
117 784 204 844 castris
232 789 291 863 ejus
312 789 384 846 inter
404 788 506 846 Poenos
532 788 688 846 &Siculos
711 785 809 846 milites
831 784 885 844 elie
906 788 948 844 fa·

69 860 165 928 dam,
184 865 263 938 quod
276 865 341 922 cum
366 861 502 923 sensissent
522 864 707 940 Syracusani,
728 863 880 938 improviso
896 878 945 921 eos
1016 910 1019 914 ,

66 936 99 1009 in
114 937 197 997 casira
210 939 328 1017 irrupisse
338 983 345 1009 ‚
354 940 602 1017 Hamilcaremque
615 942 647 998 ah
661 942 692 998 iis
706 943 802 997 vivum
812 938 865 998 elie
881 938 943 997 sub·

67 1012 169 1073 latutn.
211 1016 251 1075 ita
273 1036 313 1076 res
334 1018 474 1077 somnium
497 1017 700 1093 comprobavit.
741 1016 825 1075 Plena
846 1032 943 1073 exem·

67 1089 180 1164 plorum
196 1093 232 1152 est
247 1094 373 1160 historia,
395 1110 454 1152 turn
470 1096 568 1153 referta
584 1096 639 1151 vita
655 1095 822 1151 communis.

109 1167 150 1225 At
167 1167 234 1227 verh
256 1171 285 1229 P.
302 1173 406 1229 Decius
422 1171 468 1229 ille
484 1213 493 1240 ,
512 1174 551 1244 Q.
566 1173 602 1228 F:
618 1174 665 1246 qui
686 1171 790 1244 primus
810 1187 826 1227 e
848 1166 943 1228 Deciis
958 1180 990 1238 51

65 1244 248 1312 consolini,
269 1246 332 1304 ciam
350 1247 416 1304 esset
428 1248 549 1305 tribunus
565 1247 684 1304 militum
701 1248 744 1305 M.
758 1246 889 1313 Valerio,
907 1247 942 1304 Α.

67 1317 205 1380 Cornelio
220 1323 391 1389 consulibus,
411 1322 426 1381 i
442 1323 663 1395 Samnitibusque
671 1333 841 1394 premeretur
849 1321 941 1381 noster

67 1398 229 1466 exercitus,
256 1397 320 1457 ciam
343 1398 462 1472 pericula
490 1397 651 1472 proeliorum
680 1397 761 1454 iniret
793 1397 938 1468 audacius,

67 1484 288 1548 monereturque
305 1519 312 1540 ,
332 1490 364 1533 ut
376 1475 483 1532 cautior
495 1471 577 1539 ellet,
599 1473 685 1543 dixit,
704 1472 781 1548 quod
802 1473 887 1530 exstat
908 1474 938 1532 in

67 1548 226 1608 annalibus:
247 1549 293 1608 sahi
309 1553 337 1610 in
352 1549 467 1609 ¹somnis
488 1549 575 1608 visum
599 1547 677 1616 elie,
704 1548 767 1607 ciam
792 1550 821 1607 in
844 1546 959 1607 mediis¹
976 1544 1073 1625 ,spinulis
1119 1548 1122 1553 ’

64 1620 188 1683 hostibus
205 1626 369 1694 versaretur,
389 1627 517 1684 occidere
538 1643 604 1684 cum
628 1626 749 1684 maxima
770 1624 876 1700 gloria·
904 1612 1001 1684 Et⁴‘¹‘·

66 1709 128 1757 tum
145 1702 260 1777 quidem
281 1703 429 1761 incolumis
457 1706 608 1761 exercitum
632 1702 775 1761 obsidione
807 1701 940 1761 liberavit.

66 1774 131 1833 Post
145 1780 294 1837 triennium
311 1792 429 1847 autem,
450 1778 514 1837 curn
534 1780 628 1838 consul
649 1775 739 1847 esset,
759 1778 875 1837 devovit
897 1778 941 1846 se,

64 1851 99 1909 δε
114 1855 143 1910 in
157 1856 246 1913 aciem
263 1857 430 1914 Latinorum
446 1857 540 1930 irrupit
553 1870 680 1915 armatus.
721 1872 779 1930 quo
793 1855 851 1929 ejus
866 1855 941 1913 facto

13 1994 15 2001 ¹
66 1927 184 2002 superati
198 1932 259 1992 sunt
290 1934 319 1992 &
342 1932 425 1993 deleti
442 1934 543 1992 Latini.
585 1935 671 2006 Cujus
687 1949 762 1990 mors
775 1933 812 1988 ita
826 1931 942 2006 gloriosa

67 2005 142 2074 fuit‘,
160 2019 191 2065 ut
215 2009 334 2069 eandem
365 2010 569 2084 concupisceret
598 2010 675 2069 filius.
715 2008 768 2065 Sed
796 2010 940 2066 veniamus
954 2015 987 2070 5²

63 2096 165 2145 nunc.
190 2083 210 2141 st
227 2084 339 2160 placet,
359 2088 394 2143 ad
407 2086 513 2145 somnia
530 2084 769 2160 philosophorum.

105 2158 198 2217 XXV.
218 2162 294 2220 Esn
315 2181 413 2220 anun
436 2163 580 2220 Platonem
597 2161 738 2228 Socrates,
759 2155 822 2215 cum
839 2153 939 2215 effetin

63 2233 188 2296 custodia
204 2239 334 2313 publica,
365 2238 459 2296 dicens
481 2235 509 2290 ⁸5
519 2237 627 2295 Critoni
649 2236 698 2294 suo
721 2235 872 2301 familiari,
892 2233 939 2292 fibi
1044 2294 1048 2301 ,

62 2310 126 2385 post
141 2316 254 2374 tertium
269 2314 343 2373 diem
361 2310 415 2372 effe
429 2313 623 2372 moriendum:
643 2309 738 2372 vidilie
754 2311 807 2367 mse
821 2311 847 2367 in
865 2310 938 2368 iona·
950 2323 974 2356 m
990 2306 1055 2384 enlm
1067 2305 1092 2356 s·

60 2387 108 2449 uis
122 2390 305 2460 pulcritudine
320 2391 422 2448 eximia
437 2392 602 2458 foeminam,
621 2408 687 2465 quae
708 2387 735 2446 se
759 2392 877 2446 nomine
890 2405 938 2460 ap·
948 2372 1031 2482 fflv’f·
1048 2369 1060 2418 ὅ

63 2462 180 2537 pellans'
198 2467 301 2528 diceret
324 2468 512 2526 Homericum
541 2466 681 2544 quendam
710 2463 847 2541 ejusmodi
877 2479 939 2521 ver·
993 2469 1003 2488 ⁸

63 2537 159 2599 sumt

144 2615 271 2679 86Terrr'a
285 2634 310 2679 rr
323 2617 423 2682 Phthia
439 2618 568 2695 tempestas
581 2619 639 2677 lara
655 2615 758 2677 locabit.

853 2694 944 2771 Quod

97 2854 135 2901 ες.
152 2849 277 2908 critonifiao
284 2847 420 2907 familiari]
435 2852 471 2898 Ira
482 2846 579 2911 quidem
591 2845 614 2896 se
625 2861 661 2896 res
674 2845 756 2901 habet,
771 2857 797 2893 ut
808 2845 898 2893 constat
910 2860 941 2894 ex
978 2858 985 2867 ·

63 2907 174 2958 Platonis
189 2912 289 2960 critone
305 2927 359 2975 pag.
373 2928 426 2968 370.
447 2917 479 2960 Er
496 2927 512 2959 o
536 2911 655 2959 memorii
674 2909 750 2965 lapsus
766 2906 799 2956 est
819 2909 941 2973 Diogenes

64 2972 197 3029 Laenius,
216 2975 258 3038 qui
273 2972 359 3024 lib.1r.
386 2983 408 3034 §.
422 2983 460 3030 36.
480 2927 530 3023 {oc
546 2973 648 3024 AEschini
664 2971 754 3021 dietum
767 2971 847 3021 tradit.
880 2971 941 3020 Vide

65 3034 221 3097 chalcidium
231 3050 344 3100 pag.372.
363 3038 446 3096 Davass

98 3105 136 3147 86.
156 3101 230 3146 Tertia
240 3114 260 3146 re
276 3104 355 3146 Phthia
369 3099 477 3161 tempestas
493 3101 551 3156 dne]
583 3097 664 3148 Versus
680 3096 713 3144 eli
731 3094 793 3160 apud
808 3101 942 3147 Homerum

65 3160 94 3210 lL
105 3167 125 3211 l.
140 3160 179 3219 pls.
188 3168 240 3218 3⁶3.
259 3165 283 3212 ὃ(
297 3162 414 3226 profertur
425 3160 454 3213 ab
466 3162 560 3210 Achille
572 3162 618 3209 hoc
631 3161 719 3210 modo:

198 3222 297 3279 “Hunni
313 3244 349 3275 atr
366 3224 472 3283 rotnasce
488 3227 559 3273 odim
575 3227 678 3278 strideant
694 3223 789 3280 istasunt.

65 3287 244 3339 Phthiaautem
254 3287 308 3336 urbs
318 3289 344 3336 in
356 3284 476 3337 Thessalia
492 3321 498 3342 ,
515 3286 614 3335 Achillis
632 3286 726 3350 patria,
741 3301 792 3348 quae
805 3281 862 3349 quid
875 3299 944 3334 cona·

64 3365 141 3402 rnuue
152 3351 237 3399 haheat
247 3365 300 3398 cuna
312 3364 403 3407 morte,
420 3353 444 3398 δι
459 3365 506 3412 qun
520 3353 614 3400 rarione
630 3356 735 3398 socrates
752 3351 799 3398 hoc
813 3347 877 3397 versu
889 3362 947 3412 prz-

63 3426 207 3470 moneatur,
234 3412 337 3462 serenio
353 3413 393 3462 die
408 3415 566 3465 moriturum.
589 3413 711 3474 quaesitum
733 3413 773 3462 est.
806 3417 860 3472 Qua
875 3411 905 3458 de
920 3423 945 3458 te

21 3520 27 3533 .
63 3493 120 3530 curn
133 3492 181 3545 ego
193 3480 218 3528 &
229 3478 310 3527 simeo
319 3475 401 3528 Bofius
410 3477 575 3541 loqueremur,
592 3475 669 3532 dixit,
684 3476 752 3541 quod
762 3478 788 3527 δι
804 3473 948 3527 mihirene·

452 3544 666 3617 Paraaatrra
909 3543 946 3583 ne
