2296 3908
216 104 296 191 3188
378 102 948 191 herminiannum-

217 215 398 291 permotione
412 213 515 275 mentis
528 215 616 289 magis
642 211 728 290 quim
750 209 847 289 natural
863 211 918 288 ipsa
930 211 1102 286 sentiamus?

217 292 288 351 ⁶aut
301 291 395 352 nescio
409 289 460 368 qul
474 288 518 351 ille
532 290 661 361 divinus,
681 287 702 346 fi
716 288 911 368 oculiscaptus
924 289 973 358 lit,
995 303 1027 349 ut
1044 291 1100 350 Ti-

217 367 297 427 resias
311 369 380 437 suit,
400 367 499 443 poffit,
517 385 583 446 quae
597 365 749 453 alhaxsrnt,
777 383 842 443 quae
855 366 951 441 nigra,
971 366 1069 426 dicere
1084 366 1098 426 ἓ

217 455 282 514 aut,
302 442 428 503 fisurdus
441 443 491 513 fit,
512 445 658 504 varietates
671 452 795 512 vocum,
814 453 863 500 aut
878 443 982 502 modos
997 443 1098 502 nosce·

25 561 28 564 ·
67 517 171 594 &Perd-
218 518 270 580 re?
290 521 337 580 Ad
351 519 456 580 nullam
475 520 558 596 igitur
578 528 675 580 earum
697 534 809 588 rerum,
829 536 894 594 quae
908 518 986 578 sensu
1002 522 1098 579 sacci·

67 594 162 694 PJlFm'
217 598 346 672 piuntur‚
366 596 501 656 divinatio
515 596 668 657 adhibetur.
698 594 795 683 ¹Atqui
815 612 852 655 ne
879 597 909 655 in
929 596 962 654 iis
977 597 1094 673 quidem

66 663 118 698 ⁴¹⁸·
216 675 321 745 rebus,
340 691 406 752 quae
419 685 482 748 arte,
491 673 658 743 tradantur,
677 670 883 732 divinationem
904 689 939 730 ue
952 673 999 734 est.
1030 674 1097 746 Ete-

216 749 277 809 nim
292 750 326 810 ad
341 767 431 826 aegros
444 767 502 808 non
518 762 612 820 vates,
631 761 678 808 aut
691 748 829 818 hariolos,
848 689 903 809 sed
908 747 1039 808 medicos
1054 751 1097 809 soa

205 826 306 891 ,lomus
319 827 466 887 adducere.
500 827 566 886 Nec
581 824 668 896 vero,
687 825 736 902 qui
751 824 872 896 fidibus,
892 838 940 885 aut
961 826 1042 886 tibiie
1055 829 1097 887 uti

216 903 335 1039 ningit,
355 901 583 1039 ashhamspicibus
605 902 743 979 accipiunt
763 919 858 962 earum
879 901 1099 975 tractationem,

229 997 244 1040 e
311 998 360 1038 mu
382 998 428 1039 crs.
544 1036 546 1040 .
1016 1035 1018 1039 ,

175 1068 209 1132 ro
257 1055 364 1119 Eadem
380 1057 409 1117 in
423 1055 517 1117 litteris
530 1057 600 1119 ratio
614 1054 668 1127 est,
689 1056 799 1134 reliquis
821 1049 855 1116 ue
869 1057 1094 1132 rebus¹,quarum

219 1132 257 1196 cst
270 1131 421 1208 disciplina.
456 1133 534 1192 Num
549 1132 642 1212 censes
656 1152 722 1204 eos,
741 1136 789 1210 qui
800 1075 927 1194 divinare
944 1131 1094 1205 dicuntur,

220 1207 296 1284 posse
310 1207 491 1285 respondere,
511 1209 551 1269 sol
563 1211 708 1286 majorne,
728 1208 814 1288 quim
828 1221 898 1269 terra
915 1205 967 1268 lit?
990 1222 1094 1270 antan-

69 1290 88 1340 h
103 1291 159 1366 lum
220 1299 281 1355 tus,
299 1297 418 1361 quantus
433 1284 578 1364 videatur?
598 1286 741 1363 hlunaque
755 1287 803 1363 suo
818 1287 944 1356 lumine,
965 1303 1003 1344 arr
1017 1286 1093 1357 solis,

71 1354 152 1414 Daaass
179 1381 182 1388 ·
220 1359 332 1433 utatur?
352 1360 409 1433 sol,
428 1362 511 1433 luna,
528 1382 614 1439 quem
631 1378 742 1424 motum
758 1361 896 1442 habeant?
912 1381 1002 1440 quem
1017 1365 1095 1440 quin·

101 1449 126 1498 r.
152 1448 179 1496 u.
219 1456 278 1517 que
293 1436 393 1510 stellae,
414 1457 480 1514 quae
494 1458 582 1501 errare
597 1437 752 1503 dicuntur?
773 1459 826 1500 nec
841 1442 922 1510 haec,
943 1440 995 1516 qui
1011 1440 1095 1501 divini
1113 1502 1117 1511 ,

172 1541 180 1561 ·
218 1515 373 1587 habentur,
391 1515 556 1592 profitentur
569 1517 597 1589 se
613 1515 666 1576 effe
682 1517 801 1576 dicturos
810 1540 820 1586 ;
835 1535 888 1576 nec
903 1534 1007 1575 eorum
1017 1533 1096 1592 ,quaa

218 1593 249 1656 in
263 1595 417 1670 geometria
430 1591 638 1671 describuntur,
658 1612 724 1671 quae
739 1612 804 1653 vera
823 1636 832 1663 ,
854 1611 920 1670 quae
935 1593 1001 1652 salsa
1022 1592 1093 1662 lint;

97 1696 102 1706 ¹
190 1691 204 1728 i
220 1667 282 1728 sunt
297 1672 373 1731 enim
388 1678 421 1729 ea
436 1670 718 1741 mathematicorum,
737 1669 993 1730 non‘hartolorum.

259 1746 311 1812 IV.
330 1747 384 1805 De
405 1765 512 1807 rrr1s
539 1745 608 1806 veri)
635 1748 738 1816 rebus,
776 1764 840 1823 quae
867 1746 895 1806 in
923 1745 1094 1822 philosophia

116 1884 120 1893 .
181 1883 197 1893 ,,
221 1822 377 1896 versantur,
397 1824 534 1900 numquid
549 1823 604 1893 est,
625 1820 703 1902 quod
716 1820 860 1901 quisquam
878 1822 1104 1890 divinorumaur

222 1899 386 1974 respondere
399 1898 507 1971 soleat,
527 1914 576 1960 aut
590 1901 719 1971 consuli,
739 1899 807 1977 quid
826 1901 933 1959 honum
953 1899 1011 1968 sit,
1032 1898 1095 1976 quid

222 1975 347 2045 malurn,
366 1973 434 2054 quid
448 1975 603 2054 neutrum?
622 1976 683 2037 sunt
698 1977 774 2037 enim
788 1977 851 2036 haec
872 1977 985 2110 progna
1007 1975 1095 2050 philo·

179 2051 384 2128 trsophorum.
420 2053 499 2122 Quid
528 2054 563 2113 de
587 2051 708 2114 officio?
735 2071 804 2113 num
834 2070 894 2129 quis
944 2051 1096 2131 aruspicem

57 2132 81 2183 ‘i
97 2129 197 2207 eontulit
224 2126 398 2207 iconsuluit,
425 2130 669 2208 quemadmodum
688 2129 720 2191 srt
741 2147 806 2188 cum
827 2126 1012 2204 parentibus,
1035 2146 1095 2188 cum

65 2194 156 2256 ’ΜΨ
223 2204 365 2275 fratribus,
380 2223 446 2265 cum
460 2208 555 2266 amicis
569 2202 743 2268 vivendum?
762 2205 1010 2283 quemadmodum
1020 2218 1095 2264 uten-

66 2317 69 2327 ·
223 2282 290 2341 dum
303 2280 691 2358 pecuniaiquemadmodum
704 2281 835 2344 honore?
851 2281 1096 2358 quemadmodum

223 2356 364 2434 imperio?
384 2356 656 2436 adsapientes‘haec,
674 2377 733 2420 non
748 2359 782 2418 ad
806 2357 915 2418 divinos
940 2359 1038 2417 referri
1056 2357 1070 2416 s
1085 2391 1097 2404 ·

223 2433 290 2493 lent.
330 2431 429 2520 Quid?
449 2452 513 2511 quae
530 2434 775 2506 *adialeciicisaut
789 2433 905 2516 physicis
928 2436 1095 2506 tradantur,

225 2528 295 2569 num
310 2528 370 2585 qurs
385 2527 483 2568 eorum
500 2511 622 2571 divinare
643 2510 730 2588 potest
747 2555 756 2582 ,
775 2529 882 2572 unusne
903 2512 1030 2571 mundus
1045 2512 1095 2579 fit,

225 2603 260 2643 an
276 2585 385 2660 plures?
406 2604 470 2661 quae
484 2586 535 2647 fint'
549 2589 625 2647 initia
640 2607 730 2647 rerum
746 2632 755 2657 ,
776 2607 810 2648 ex
831 2588 929 2666 quibus
952 2588 1097 2647 nascuntur

223 2661 343 2725 omnia?
362 2663 540 2739 physicorum
557 2664 594 2724 est
615 2665 662 2724 ista
686 2666 839 2741 prudentia.
875 2667 971 2741 7Quo
986 2664 1097 2732 modo,

1056 2753 1099 2819 aup

114 3006 117 3011 ,
184 2980 187 2990 ‚
257 2961 280 3000 ⁶.
298 2959 352 3001 ¹Aru
361 2967 412 2997 num
422 2951 488 3011 nefiio
498 2950 539 3015 qul
551 2951 590 2998 ille
600 2950 711 3007 divinae]
724 2952 761 2997 lta
772 2946 804 2996 est
815 2946 839 2996 in
851 2950 1032 3012 manuscripto,
1047 2962 1096 2998 erun

127 3062 130 3067 .
226 3014 252 3063 in
265 3012 379 3078 imprcslis
391 3011 450 3061 desit
466 3014 580 3077 particula
594 3031 666 3071 num,
688 3012 778 3074 alioqui
794 3010 939 3071 neccssaria,
961 3026 992 3062 ut
1002 3011 1097 3063 videam

224 3080 297 3137 Μῖνι.

260 3157 282 3195 7.
298 3138 409 3197 Quomodo
420 3142 622 3196 aromaticarum]
653 3138 689 3186 Sic
703 3137 777 3187 editio
788 3137 887 3186 visioni
904 3140 929 3187 &
941 3138 1004 3187 Pith.
1016 3141 1041 3188 &
1052 3135 1096 3186 Pal·

225 3200 269 3250 stc.
278 3216 335 3250 nam
346 3216 379 3262 pr.
387 3214 425 3248 aut
435 3206 591 3261 mentientem,
608 3214 661 3250 tert.
678 3215 750 3248 aurem
760 3219 799 3248 non
807 3204 952 3250 mentientem.
970 3215 1046 3264 quart.
1062 3213 1099 3246 aar

224 3283 265 3312 noar
279 3264 463 3326 menmvulgati,
482 3267 583 3328 quomoda
600 3277 672 3311 autem
685 3279 749 3314 ment.
773 3267 867 3313 Gruter.
898 3266 1016 3324 Quomodo
1031 3275 1099 3310 arcem

222 3331 375 3385 mentientem]
388 3328 475 3391 vulgg.
492 3329 684 3376 animationem.
718 3334 754 3378 Ac
769 3341 823 3376 cum
841 3326 890 3376 l’al.
903 3327 997 3391 primus
1013 3325 1099 3375 dederit

224 3403 262 3440 aut
273 3392 415 3437 mentientem
422 3405 431 3446 5
447 3401 500 3440 tert.
513 3393 538 3440 δι
551 3404 636 3440 omnes
646 3390 732 3449 nollri,
746 3391 849 3455 quomodo
859 3402 931 3438 autem
943 3408 986 3438 non
1000 3392 1098 3437 mantiam

226 3466 281 3513 ren,
297 3451 465 3523 imerecepm
478 3451 512 3504 est
521 3467 570 3514 ea,
585 3467 658 3520 quam
670 3465 709 3506 tot
721 3453 824 3511 codices
842 3449 951 3514 suasere,
964 3453 1049 3508 leflio.
1064 3455 1097 3506 Dc

619 3566 623 3571 ⁴
848 3530 851 3535 ’
1033 3527 1093 3570 Μ·
