2296 3908
225 130 307 195 3940
414 109 696 191 DeNnruun
717 111 912 178 Dronnra
960 118 967 127 ’

74 243 93 278 ι
107 226 208 276 obicitur
225 223 357 284 duntaxat
371 226 520 300 nobjicitur
533 224 680 302 quaedam.
698 244 768 287 num
791 229 874 287 etlam
895 242 944 286 cur
958 202 1111 301 ealeata'

75 293 128 340 ω·
224 299 276 359 fit?
297 318 345 358 cur
359 301 482 360 aeterna?
503 304 578 376 Quae
591 316 685 362 autern
700 303 756 362 istae
769 305 903 379 imagines
917 303 1031 371 vestrae,
1046 315 1095 364 aut

225 375 320 455 unde?
339 376 537 438 dDemocrito
551 381 670 438 omnino
690 381 753 438 haec
773 380 891 440 licentia.
930 380 1029 438 Sed&
1048 379 1093 439 ille

134 503 139 517 ,
226 456 402 528 reprehensus
416 455 432 532 ai
447 455 538 514 multis
553 455 606 524 est,
626 474 679 514 nec
693 473 744 524 vos
774 458 862 514 xitum
884 455 1027 531 reperitis:
1050 469 1096 513 to·

226 542 309 606 taque
331 541 372 588 res
395 532 551 590 vacillat&
573 532 714 590 claudicat.
753 473 828 591 {lam
849 532 915 609 quid
935 532 972 591 ell
988 573 997 599 ,
1016 530 1096 607 quod

228 606 317 665 mitris
331 607 438 682 probari
458 607 561 683 poffit,
581 607 666 683 quim
688 609 832 667 omnium'
845 610 874 675 in
895 625 942 666 me
971 608 1096 666 incidere
1141 636 1144 641 ·

229 684 378 758 imagines,
398 685 536 752 Homeri,
558 685 736 754 Archilochi,
756 683 887 754 Romuli,
907 684 1097 759 Numae,l'y·

80 775 99 810 ο
111 758 374 835 edtamb.rhag01ae‚
393 759 528 839 PlatoniS,
546 778 599 819 nec
614 772 671 819 ⁰ex
693 761 809 830 forma,
834 761 888 836 qui
904 759 941 818 illi
953 760 1069 820 fuerunt
1085 756 1098 818 l

232 836 380 913 quomodo
402 853 469 910 ergo
490 834 554 894 illi?
583 839 612 894 &
626 854 746 912 quorum
766 834 927 912 imagines?
947 836 1099 910 Orpheum

216 917 344 987 spo'e‘tam
370 911 455 970 docet
482 911 640 971 Aristoteles
667 931 822 989 numquam
850 908 951 981 fuille,
983 913 1014 970 δι
1042 913 1100 975 hoc

82 983 205 1061 pryrhn·
231 998 260 1043 54
274 988 430 1062 Orphicum
463 1005 574 1047 carmen
594 990 782 1065 rPythagorei
821 991 913 1048 ferunt
952 987 1099 1064 cujusdam

48 1104 51 1111 -
82 1053 212 1112 ⁸⁰¹¹⁶¹⁴‘¹¹·
234 1075 259 1118 55
269 1062 345 1124 suille
360 1065 502 1139 Cercopis.
540 1066 580 1123 At
595 1066 745 1140 Orpheus,
773 1065 877 1134 idest,
896 1067 991 1140 imago
1012 1064 1100 1137 ejus,

171 1141 223 1202 108
234 1154 264 1199 ut
280 1160 329 1200 vos
345 1141 441 1210 vultis,
460 1142 489 1199 in
503 1144 628 1200 animum
645 1159 740 1200 meum
755 1142 826 1216 saepe
836 1143 960 1211 incurrit.
1000 1141 1101 1216 Quid,

233 1216 312 1293 quod
326 1217 450 1292 ejusdem
464 1218 585 1276 hominis
599 1218 628 1297 in
649 1235 745 1276 meum
768 1219 850 1286 aliae,
870 1218 930 1276 aliae
943 1218 973 1276 in
989 1229 1072 1276 tuum
1088 1215 1101 1275 l

232 1294 325 1369 quid,
336 1291 414 1370 quod
430 1311 525 1352 earum
538 1311 648 1362 rerum,
662 1313 726 1371 quae
739 1312 894 1370 numquam
909 1294 1032 1353 omnino
1041 1295 1103 1352 fue-

233 1382 297 1428 runt
307 1372 320 1439 ,'
335 1387 426 1460 neque
441 1368 493 1428 else
507 1382 672 1444 potuerunt,
692 1385 723 1429 ut
735 1371 833 1446 Scyllae
847 1413 857 1440 ,
876 1383 906 1428 ut
925 1368 1103 1430 Chimaerae?

233 1447 317 1522 quid,
337 1446 415 1524 quod
428 1448 594 1513 hominum,
613 1447 761 1516 locorum,
781 1448 889 1506 urbium
903 1465 1017 1517 earum,
1032 1464 1103 1523 quas

232 1540 388 1597 numquam
402 1523 540 1581 vidimus?
560 1523 644 1600 quid,
664 1523 757 1600 quod,
778 1523 890 1582 fimulac
905 1523 974 1582 mihi
994 1524 1104 1583 collibi-

232 1610 292 1656 tum
307 1600 360 1668 est,
380 1599 478 1674 praelld
496 1599 533 1658 est
547 1602 641 1675 imago
649 1598 748 1679 ?·.quid
765 1642 774 1669 ,
793 1598 872 1678 qudd
885 1602 969 1659 etiam
983 1599 1020 1659 ad
1036 1601 1103 1660 dor·

235 1677 368 1733 mientem
388 1676 501 1734 veniunt
513 1675 673 1734 invocatae?

270 1752 401 1810 XXXIX.
421 1752 533 1810 Torr
551 1770 614 1821 res,
635 1753 749 1823 Vellei,
768 1755 912 1830 nugatoria
925 1752 972 1812 est.
991 1770 1102 1813 vosau-

192 1833 194 1837 ’
229 1841 289 1892 tem
308 1847 365 1886 non
381 1827 468 1886 modo
489 1829 575 1891 oculis
588 1829 746 1904 imagines,
767 1829 916 1889 sedetiam
943 1830 1043 1888 animis
1061 1832 1105 1907 in·

173 1903 354 1982 ronculcatis.
372 1917 446 1963 tanta
459 1903 495 1962 est
510 1906 656 1979 impunitas
669 1907 813 1982 garriendi.
850 1909 889 1965 At
909 1905 995 1980 quim
1017 1907 1106 1966 licen-

91 1991 117 2039 r.
132 1991 216 2038 xxm.
235 1994 295 2043 ter,
315 1981 470 2039 Fluentium
487 1981 643 2058 frequenter
663 1983 785 2043 tranfitio
802 1981 838 2043 *fit
859 1981 1015 2050 visionum,
1036 1995 1068 2042 ut
1087 1981 1105 2042 ὲ

238 2056 329 2114 multis
346 2075 401 2115 una
415 2057 548 2116 videatur.
571 2058 687 2116 Puderet
702 2077 748 2118 me
757 2059 849 2124 dicere
862 2077 920 2117 non
933 2058 1106 2134 intelligere,

240 2132 261 2191 st
275 2150 324 2191 vos
337 2134 385 2208 ipsr
399 2134 599 2208 intelligeretis,
619 2135 666 2210 qui
682 2135 729 2194 ista
742 2135 904 2195 defenditis..
934 2134 1105 2211 Quomodo

243 2209 318 2268 enim
334 2210 446 2284 probas,
467 2211 641 2269 continenter
654 2213 787 2289 imagines
800 2213 863 2271 ferri
879 2210 892 2269 i
909 2225 974 2280 aut,
993 2211 1014 2269 st
1036 2229 1106 2272 con·

93 2315 216 2365 qaererne
239 2286 383 2355 tinenter,
402 2305 459 2362 quo
481 2287 569 2345 modo
591 2287 754 2347 saeternae?
780 2287 1038 2358 Innumerabilitas,
1065 2289 1109 2348 in·

91 2367 208 2417 ‘tentarit
241 2362 318 2438 quis,
338 2362 489 2439 suppeditat
500 2374 670 2422 atomorum.
708 2367 793 2424 Num.
803 2365 901 2425 eadem
916 2382 983 2440 ergo
1003 2365 1051 2424 ista
1066 2366 1109 2423 fa·

241 2440 333 2507 cient,
353 2452 383 2497 ut
396 2439 447 2499 sunt
460 2440 556 2499 omnia
568 2439 751 2517 sempiterna?
772 2443 898 2517 confugis
910 2441 944 2500 ad
959 2441 1109 2516 aequilibri·

240 2526 346 2574 tatem:
366 2515 403 2573 lic
423 2518 499 2574 enim
523 2513 674 2587 ἰσονομίαν,
698 2519 718 2579 sr
738 2517 850 2593 placet,
870 2517 1055 2592 appellemus:
1075 2519 1108 2578 &

241 2592 295 2660 ais,
314 2591 448 2668 quoniam
463 2592 494 2651 fit
508 2596 943 2663 naturamortalis,imm0rtalem
959 2595 1045 2653 etiam
1055 2593 1110 2654 effe

232 2682 380 2751 oportere.
415 2669 470 2730 Isto
480 2671 584 2741 modo}
604 2673 737 2750 quoniam
750 2672 877 2731 homines
892 2670 1022 2729 mortales
1030 2670 1108 2808 suRt,

937 2777 939 2781 ¹
1080 2759 1112 2809 nt

276 2906 311 2946 54.
330 2890 442 2951 Orphicum
453 2904 536 2936 carmen
552 2889 688 2949 Pythagorici
701 2885 774 2946 ferunt
788 2887 900 2946 eujusdam
912 2883 978 2946 fuiffi
992 2888 1115 2948 cerdania]

227 2984 230 2995 .
245 2953 361 3001 Postrema
373 2951 420 3000 lactc
430 2951 503 3000 diceto
513 2952 538 2998 iu
549 2951 663 2999 manuscri
681 2951 711 2998 tis
720 2950 864 3008 inquinatior
873 2948 906 2999 est
914 2966 920 2998 r
927 2947 1025 2998 hubent
1043 2951 1112 3000 enim

231 3046 233 3051 ,
245 3016 356 3064 meliores
368 3019 464 3062 cessonis.
497 3015 545 3062 nlii
555 3027 634 3062 autem
646 2965 722 3061 adhuc
732 3013 887 3078 depravarius.
920 3012 980 3074 Legi
993 3013 1055 3074 apud
1063 3015 1114 3063 sur·-

246 3079 302 3125 dam
318 3081 342 3126 in
358 3077 462 3125 distione
472 3077 585 3135 Ὀρφεὺς,
606 3079 659 3124 etim
673 3078 703 3124 de
718 3076 754 3124 his
772 3075 873 3126 verfibus
890 3077 1044 3139 loqueretur,
1061 3077 1111 3126 haec

244 3141 328 3189 verbe:
347 3145 455 3196 hinniret
467 3141 489 3186 rl
506 3135 561 3190 εἶναι
572 3145 681 3200 oronnae
693 3139 722 3188 et}
735 3139 852 3193 Tamari·
870 3139 888 3187 oi
900 3142 923 3188 di
937 3139 1065 3196 titianum
1079 3141 1110 3189 ‘ri'

233 3233 236 3237 ›
253 3205 397 3264 ηνθηομέκ.
429 3208 507 3265 Quare
523 3206 548 3254 δι
560 3219 589 3252 ex
600 3203 703 3264 antiquis
713 3201 814 3266 vestigiis
825 3206 850 3252 dc
860 3217 891 3251 ex
904 3207 1042 3251 Graecarum
1048 3201 1114 3252 telli-

249 3267 334 3316 monio
344 3264 443 3325 arripis,
458 3280 507 3314 non
516 3270 622 3321 cerdonis,
654 3280 697 3314 uro
707 3265 753 3314 elle
763 3265 898 3329 legendum.
916 3266 1009 3312 Vitium

282 3346 318 3384 55·
336 3329 405 3388 Fm'ffe
419 3334 529 3392 Ceramia]
543 3338 579 3380 lta
590 3282 683 3378 volezat
695 3329 777 3392 reponi
792 3328 938 3383 rannafim,
952 3327 1078 3378 norissuis
1088 3327 1115 3379 iu

247 3393 415 3445 claudianum.
428 3393 540 3458 vulgara,
556 3397 654 3455 cecropis.
668 3403 692 3441 at
704 3393 749 3445 Pal.
761 3391 838 3441 secun.
852 3397 946 3443 anonis.
960 3391 1033 3441 terrio
1043 3397 1115 3441 cmo·

245 3464 288 3511 nis.
305 3457 465 3511 Wouweriaui
485 3461 581 3511 terami
602 3455 745 3520 exprimunt.
775 3458 863 3506 Grarrrz
961 3478 989 3513 ·.;
1090 3498 1110 3568 ,Β

259 3535 270 3557 “
311 3552 314 3560 “
838 3533 841 3543 Ι
1033 3525 1072 3575 “a
1111 3533 1119 3569 ἶ

652 3666 663 3722 l
