2296 3908
153 196 155 201 Ι
249 84 442 205 brnen
482 114 742 182 Fatuus?
876 132 957 203 33¹5

69 246 163 297 nemo
176 240 234 290 tam
251 232 340 290 audax
354 249 489 309 umquam
504 231 573 301 fuit,
592 234 659 307 quin
675 242 722 290 aut
743 229 874 290 abnueret
887 232 903 291 i
919 233 946 303 se

66 304 252 367 ‚commissum
279 309 332 367 elie
353 309 458 368 facinus
474 351 483 377 ,
502 321 550 366 aut
566 309 630 384 justi
651 307 690 366 lui
712 307 815 366 doloris
836 308 943 366 causam
971 359 975 367 .

70 382 194 459 aliquam
218 383 358 461 fingeret,
378 383 627 460 defenfionemqne
647 383 774 443 facinoris
790 383 806 441 ’a
822 383 943 442 fnaturae
956 392 1065 448 stratura

65 459 133 535 jure
147 460 241 536 aliquo
256 475 401 536 quaeteret.
440 463 516 536 Quae
531 459 551 518 li
565 460 699 535 appellare
715 460 818 518 audent
840 461 918 534 impii
934 459 1002 527 ‚aur

60 538 132 611 'quo
146 536 258 594 tandem
273 536 361 598 studio
377 537 503 596 colentur
518 535 533 594 i
548 534 648 602 bonis?
667 534 757 611 Qubd
776 534 795 592 fi
814 553 897 610 poena
907 537 944 603 ,fi

57 614 163 670 'metus
178 611 299 687 supplicii
316 655 323 680 ,
344 630 402 672 non
418 613 472 688 ipsa
487 613 629 687 turpitudo
645 655 655 681 ,
673 612 792 669 deterret
815 612 848 669 ab
868 612 940 688 inju-

63 686 139 745 riosa
163 686 374 765 facinorumque
400 691 471 746 viti:
492 706 579 746 nemo
594 687 632 746 est
647 687 780 765 injustus;
801 697 885 746 74aut
898 690 940 746 in·

68 763 145 821 cauti
159 766 248 839 petius
264 766 382 824 habendi
396 766 456 823 sunt
473 766 600 840 improbi.

110 839 189 898 Tum
203 853 295 899 autem
311 843 432 917 quinon
447 840 505 915 ipso
520 840 635 899 honesto
650 857 800 899 movemur
815 882 823 911 ,
843 852 874 898 ut
888 840 939 898 bo·
950 846 985 902 41

61 915 98 973 ni
112 915 163 974 viri
177 914 275 984 limus,
295 917 340 974 sed
360 918 475 975 utilitate
492 916 582 993 aliqua
605 926 689 992 atque
714 916 803 975 fruclu
820 960 828 985 ,
848 917 937 976 callidi

56 989 178 1061 sumus,
199 1011 258 1051 non
274 994 349 1052 boni.
391 1005 492 1051 arnam
507 992 575 1071 quid
598 993 720 1051 facietis
743 993 832 1051 bomo
854 994 881 1050 in
897 1008 939 1050 te-

66 1067 175 1137 nebris,
194 1069 242 1145 qui
255 1070 322 1128 nihil
336 1071 417 1128 timet
429 1069 479 1128 nifi
500 1068 596 1143 testem
616 1071 646 1127 &
669 1067 816 1145 judicem?
835 1067 940 1143 quidin

56 1140 176 1202 deserto
190 1145 256 1204 loco
270 1145 381 1215 naeus,
400 1163 486 1222 quern
502 1144 593 1213 multo
616 1162 684 1203 auro
705 1144 818 1221 spoliare
838 1144 938 1220 poffit,

62 1218 234 1279 imbecillum
262 1232 344 1295 atque
366 1221 482 1280 solum?
509 1220 601 1279 noster
628 1220 743 1296 quidem
772 1222 818 1279 bie
839 1220 935 1279 naturi

54 1294 148 1371 iulius
178 1297 219 1355 vir
243 1314 275 1355 ac
297 1299 411 1364 bonus,
451 1299 534 1355 etiam
558 1296 749 1372 colloquetur,
764 1297 886 1371 juvabit,
906 1298 937 1356 in

57 1371 141 1429 fviam
156 1371 284 1430 deducet.
323 1373 344 1430 is
359 1372 445 1443 verb,
465 1375 513 1449 qui
528 1373 596 1431 nibil
608 1372 716 1430 alterius
730 1371 808 1430 cauli
820 1373 849 1425 7⁶
858 1374 934 1443 facit,

59 1448 98 1506 ·&
112 1449 225 1505 metitur
239 1448 290 1506 suis
305 1448 463 1508 commodis
472 1449 591 1517 omnia,
612 1448 726 1514 videtis,
744 1448 847 1517 eredo,
866 1448 934 1531 quid

59 1522 98 1595 fit
113 1523 250 1582 uadurus.
288 1524 377 1598 Qubd
392 1523 411 1584 si
426 1525 535 1598 negabit
547 1524 573 1582 se
587 1523 624 1581 illi
640 1525 726 1582 vitam
749 1537 907 1600 erepturum
924 1535 962 1595 ,Β
983 1522 1085 1578 fabium

60 1598 96 1656 δι
111 1615 207 1661 autum
221 1598 390 1669 ablaturum,
410 1618 564 1676 numquam
580 1600 617 1658 ob
637 1618 699 1659 eam
721 1600 829 1659 caulam
850 1618 933 1676 nega·
945 1589 1020 1640 sm·

52 1675 121 1743 bit,
141 1674 219 1751 qubd
233 1675 261 1734 id
274 1689 371 1736 natura
382 1692 463 1751 turpe
480 1677 611 1752 judicet,
637 1677 682 1736 sed
702 1676 781 1750 qubd
802 1690 931 1748 metuat,

53 1768 101 1809 ne
114 1758 242 1821 emanet,
262 1751 358 1822 idest,
378 1772 413 1811 nc
427 1753 529 1810 malum
543 1753 649 1812 habeat.
688 1754 717 1811 O
732 1769 792 1812 rem
807 1754 956 1836 dignam}¹
972 1803 1053 1843 verum

60 1827 93 1884 in
116 1845 170 1903 qua
184 1847 243 1888 non
257 1829 346 1889 modu
367 1829 468 1913 dotti,
488 1829 606 1899 hverbm
629 1831 712 1888 etiam
734 1830 848 1906 agrestes
868 1848 928 1889 eru·
940 1856 1007 1899 muln·
1020 1873 1063 1903 „„

49 1902 194 1962 ··bescant!
648 1936 651 1941 ·
941 1917 1023 1967 lanne.
1080 1972 1084 1980 ,

99 1981 164 2038 XV.
183 1982 255 2052 Jln
277 1981 452 2051 venbillud
467 1981 927 2049 stultillrmum‚eriliimareomnia
939 1997 974 2052 42

55 2055 127 2132 julia
142 2054 213 2126 offe,
235 2076 299 2133 quae
314 2070 342 2113 ⁷7
351 2058 415 2117 scita
428 2058 479 2116 fint
498 2060 527 2116 in
542 2059 707 2132 populorum
722 2057 864 2127 institutis,
880 2073 928 2118 aut

58 2132 173 2208 legibus.
211 2134 357 2202 Etiamne,
385 2135 404 2192 fi
427 2144 491 2210 quae
512 2136 584 2207 leges
605 2134 656 2192 fint
676 2147 858 2207 tyrannorum
875 2134 927 2193 .>s1

59 2208 170 2283 triginta
184 2208 221 2267 illi
236 2210 352 2267 Athenis
365 2210 439 2286 leges
459 2212 605 2284 imponere
627 2206 792 2267 voluillent?
813 2225 887 2279 aut,
908 2210 929 2271 st

59 2300 161 2358 purnes
197 2278 377 2355 Athenienses
405 2285 603 2348 delectarentur
632 2287 779 2363 tyrannicis
805 2287 927 2365 legibus,

143 2384 147 2393 ¹
858 2382 928 2425 num

94 2574 132 2614 ⁷⁴·
149 2564 203 2607 Aur
214 2562 295 2608 incauti
306 2563 401 2624 parim]
421 2563 456 2612 Sic
468 2563 566 2614 natiue
579 2567 601 2615 s.
612 2565 712 2689 νίῇεο
723 2564 790 2614 Fabi.
807 2565 927 2629 exprellir-

57 2635 108 2683 que
123 2620 196 2671 editio
213 2623 318 2674 lidorii.
334 2627 385 2673 aliae
397 2638 421 2672 ar
434 2641 515 2688 praerer
526 2626 636 2676 Lambini

58 2683 156 2733 arbitrio
166 2684 250 2733 scilicet
261 2686 308 2734 suo.
323 2690 412 2736 Gruter.
445 2690 550 2752 Plerique
560 2690 613 2738 libri
626 2691 712 2738 babent
723 2703 746 2736 ar
756 2693 845 2740 incauti.
857 2695 925 2739 Cen·

55 2744 97 2799 seo
108 2744 217 2808 scripsisse
226 2749 347 2805 Tullium,
362 2767 389 2796 ae
397 2755 478 2801 incauti
484 2756 563 2815 potr'ut.
593 2751 659 2800 Idem
672 2750 720 2802 Off.
730 2767 748 2801 r.
767 2761 809 2800 Nec
819 2772 868 2800 vero
879 2758 926 2801 im·

50 2812 118 2873 perir
127 2812 252 2867 expetenda,
265 2828 291 2858 ac
296 2815 368 2874 parias
378 2830 418 2859 non
428 2818 554 2877 accipienda.
588 2813 697 2865 scheller.

86 2887 101 2929 7
106 2888 126 2925 ς.
144 2879 200 2918 Nam
210 2874 264 2935 quid
271 2873 339 2931 faciet
349 2878 367 2921 r'r
378 2880 436 2922 hom·
447 2882 470 2922 in
480 2879 588 2936 tenebris-J
619 2879 666 2926 Pal.
679 2891 755 2937 quart.
771 2881 790 2924 is
801 2896 841 2925 nen
854 2881 877 2924 r'n
888 2892 922 2924 ro·

52 2937 132 2991 paliis.
150 2933 252 2984 Placeret
262 2936 339 2998 magis
349 2938 518 3001 latranspoiitls
525 2938 600 2989 uerbis
610 2942 672 2990 foret
683 2957 693 2986 a
708 2943 818 3003 nmquid
828 2958 868 2987 nan
878 2941 921 3000 fa-

53 3000 95 3047 εἰς
108 2999 132 3042 r'n
142 2999 238 3049 tenebris.
255 3001 348 3047 Gruter.

61 3090 64 3095 -
85 3065 127 3116 716.
142 3061 239 3117 Facit&
250 3066 358 3118 merirum]
387 3061 423 3109 Sic
438 3064 549 3127 vulgatu
568 3064 692 3126 placetque
702 3078 746 3126 prae
761 3063 827 3119 facin
837 3066 863 3115 d·
874 3082 921 3112 ma-

54 3127 136 3178 rmur,
154 3122 219 3182 quod
231 3124 255 3171 in
267 3123 373 3172 l'iiiorio
386 3127 410 3174 δι
423 3126 551 3182 Turnebo;
568 3127 623 3188 quia
634 3124 727 3175 videam
739 3129 763 3175 in
774 3129 822 3174 l‘al.
835 3142 922 3187 quarto

54 3186 130 3234 talem
146 3184 274 3234 ledllonem
287 3200 368 3235 natam
380 3203 410 3234 ex
421 3188 566 3237 librariorum
584 3190 737 3251 negligentia.
757 3190 827 3238 haber
837 3204 920 3241 tamen

55 3248 107 3297 l’al.
118 3259 171 3296 tert.
184 3249 246 3297 item
257 3253 277 3297 S.
290 3250 350 3299 Vist.
364 3253 389 3298 &
401 3250 467 3300 Fabi.
474 3250 541 3308 facin
552 3254 579 3302 θ’
589 3257 706 3301 emetiatur.
734 3252 808 3301 idem.
928 3297 930 3301 ,

87 3325 127 3365 77.
143 3312 204 3357 Scite
214 3312 265 3373 suar
277 3314 300 3358 in
315 3317 437 3373 populorum
447 3314 571 3370 malmin]
599 3312 745 3376 suspicantur
761 3316 859 3377 quidam
870 3317 923 3374 fite.

54 3370 100 3427 Sed
110 3372 196 3422 eodem
208 3374 283 3428 modo
300 3375 378 3426 noster
394 3376 443 3429 alio
460 3377 516 3424 luco
532 3376 599 3436 hujus
615 3377 711 3438 operis,
727 3383 797 3428 multa
808 3378 925 3443 perniciosi

48 3436 169 3501 fuscantur
180 3439 204 3493 iri
216 3438 309 3502 prpulit.
341 3435 449 3490 Scheffer.
762 3472 764 3477 «
892 3466 901 3479 ··

429 3509 475 3551 sce
489 3518 529 3551 cre
543 3518 586 3551 cer
600 3517 639 3561 ες
841 3514 878 3563 78.
891 3509 924 3552 vr

683 2642 702 2675 x
712 2629 751 2688 sed
766 2633 855 2680 incauti.
881 2645 926 2690 pro

86 3550 97 3583 ἱ
123 3602 126 3607 .
