2296 3908
272 121 461 187 Lintea
505 108 747 188 Pnrnus.
877 134 958 206 3157

157 240 318 292 Commota:
338 230 490 290 insumatis
505 238 631 290 Teucrum
646 250 847 289 commemorans
860 232 949 301 ficum.

114 304 264 369 xxxvii.
289 313 423 379 Ardua
445 309 528 366 etiam
545 308 587 366 illa
603 309 752 367 concitatio
767 307 883 366 declarat
891 308 949 365 vim

73 384 106 445 in
119 388 219 446 animis
233 384 285 446 elle
301 386 431 445 divinam.
472 397 553 457 negat
576 386 676 453 enim,
697 383 753 442 fine
776 384 868 441 furore
888 383 949 440 De·
987 374 1010 429 Ρ·
1031 382 1058 428 ³·

72 460 213 522 mocritus
228 474 398 540 quemquam
414 466 527 535 po'e‘tam
544 474 676 534 magnum
692 457 746 518 effe
760 456 843 534 polle.
871 456 949 533 quod

75 536 155 597 idem
169 538 235 598 dicit
249 540 334 598 Plato.
372 552 477 613 quem,
497 535 515 593 st
530 535 618 611 placet
633 579 642 605 ,
661 537 778 611 appellet
799 536 921 593 furorem
937 575 948 603 ‚

74 610 238 674 dummodo
255 618 276 673 is
290 617 366 674 furor
380 618 418 673 ita
432 612 574 681 laudetur,
593 615 667 672 utin
690 610 806 671 t’haedro
827 611 948 670 Platonis

74 686 201 749 laudatus
215 690 260 749 est.
298 690 376 764 Quid
398 691 484 748 vestra
504 690 594 747 oratio
614 690 642 748 in
664 686 775 747 causis?
801 687 868 764 quid
893 687 948 761 ipsa

76 764 173 825 aerio?
192 768 280 843 potest
294 766 348 826 elle
368 768 542 833 vehemens,
562 767 592 823 δι
614 766 726 840 gravis,
752 766 783 823 &
811 764 946 838 copiola,

75 840 126 900 nist
141 843 179 901 est
191 845 298 903 animus
309 843 363 919 ipse
384 840 585 902 commotior?
606 840 736 918 equidem
759 841 842 898 etiam
865 842 893 897 in
916 853 945 896 te

76 916 149 991 saepd
164 918 219 979 vidi
226 944 236 989 ;
258 923 288 979 &
311 933 353 991 tut
374 919 409 977 ad
429 918 532 979 leviora
553 919 709 991 veniamus)
728 918 756 974 in
777 914 884 990 AEsopo
904 916 946 972 fa·

78 993 176 1053 miliari
190 1008 258 1066 tuo,
273 1000 384 1056 ‘tanturn
400 996 528 1055 ardorem
553 993 681 1053 vultuum
706 1005 788 1067 atque
802 1003 944 1060 motuum,

76 1080 108 1128 ut
129 1086 194 1131 eum
216 1076 255 1133 tiis
276 1074 405 1151 quaedam
426 1066 576 1130 abstraxisse
599 1070 615 1129 d
642 1069 718 1128 sensu
746 1069 845 1127 mentis
866 1066 945 1125 vide·

75 1158 160 1208 retur.

114 1222 292 1299 Objiciuntur
305 1226 387 1283 etiam
403 1224 474 1297 saepe
491 1225 591 1281 lormae
608 1265 616 1290 ‚
642 1239 707 1297 quae
725 1221 835 1295 ²reaple
857 1220 941 1279 nullae
952 1217 987 1281 81

38 1312 44 1337 ¹
73 1295 151 1357 sunt:
170 1300 290 1377 speciem
305 1315 398 1358 autem
415 1299 543 1356 offerunt.
582 1297 669 1371 Quod
684 1297 962 1371 contigisseBrenno²
976 1294 1050 1370 teipsa

72 1372 197 1446 dicitur,
217 1380 331 1453 ejusque
352 1376 461 1433 Gallicis
482 1374 591 1447 copiis,
623 1372 689 1430 cum
711 1373 776 1429 fano
807 1359 996 1447 Apollinis⁴²‘¹·

43 1514 48 1529 ¹
72 1448 204 1527 Delphici
218 1453 353 1510 nefarium
369 1448 470 1509 bellum
484 1446 620 1508 intulillet.
658 1459 719 1505 tum
736 1449 810 1505 enim
831 1450 940 1520 lerunt,

38 1528 49 1577 ἷ·
71 1528 111 1587 ex
124 1526 239 1586 oraculo
254 1526 385 1587 beffatam
400 1526 453 1586 elle
470 1527 613 1601 Pythiam,
946 1530 1028 1584 bhaee

154 1613 182 1656 ³²
192 1610 243 1677 Ego
256 1604 395 1679 providebo
410 1624 463 1661 rem
476 1603 570 1674 istam,
591 1618 624 1663 <9¹
637 1599 698 1658 alba
711 1600 832 1675 virgines.
943 1594 1020 1649 fmm
1035 1600 1086 1653 ⁴153·

62 1688 99 1735 -33
112 1694 149 1736 ex
163 1696 221 1755 quo
237 1680 340 1739 fabium
355 1678 408 1747 est,
429 1694 458 1737 ut
473 1679 629 1736 viderentur
644 1678 761 1752 virgines
777 1677 846 1734 ferre
860 1694 937 1735 arma

70 1753 188 1823 contra,
209 1757 238 1814 &
252 1759 318 1815 nive
330 1757 472 1815 Gallorum
487 1755 647 1812 obrueretur
660 1754 802 1812 exercitus.
835 1753 940 1812 Aristo·
981 1783 986 1791 ·

70 1831 138 1891 teies
152 1832 265 1907 quidem
281 1851 329 1891 eos
343 1836 444 1901 etiam,
465 1832 513 1908 qui
527 1829 700 1889 cvalitudinis
715 1831 783 1888 vitio
800 1830 919 1888 furerent
928 1848 956 1898 ‚c
970 1836 1075 1892 valetud.

70 1908 103 1967 δί
116 1909 311 1967 melancholici
325 1910 502 1975 dicerentur,
523 1907 646 1965 censebat
666 1906 766 1965 habere
787 1906 888 1983 aliquid
908 1902 993 1967 in⁴¹¹'¹'·

70 1984 170 2044 animis
196 1984 353 2060 praesagiens
372 2000 456 2062 atque
484 1984 620 2042 divinum.

46 2070 51 2083 “
109 2061 272 2120 XXXVlll.
292 2063 372 2120 Eoo
392 2076 485 2120 autem
506 2061 579 2117 haud
600 2059 672 2129 scio,
692 2078 726 2117 an
742 2075 794 2117 nec
808 2056 957 2136 cardiacisd
973 2089 1068 2151 PM,

66 2137 126 2196 hoc
139 2137 314 2196 tribuendum
330 2139 378 2206 sit,
398 2155 450 2195 nec
463 2134 655 2210 tlphreneticis.
692 2136 776 2192 animi
797 2134 873 2191 enim
893 2134 989 2200 itt-tter·
1006 2154 1083 2208 aab.

66 2214 157 2346 offui,
176 2231 237 2272 non
251 2214 340 2272 vitiosi
353 2214 473 2288 corporis
483 2211 537 2280 ,est
546 2212 687 2269 divinatio.
710 2213 806 2285 Quam
821 2209 933 2286 quidem
943 2213 978 2276 82

68 2306 88 2347 e
110 2307 169 2348 ere
190 2307 255 2349 veta
272 2332 280 2358 ‚
299 2292 351 2349 hac
372 2290 529 2349 Stoicorum
558 2288 664 2345 ratione
689 2284 870 2345 concluditur.
909 2285 936 2344 Si

68 2362 133 2424 sunt
145 2365 206 2434 dii,
233 2384 326 2443 neque
346 2366 409 2426 anti
430 2364 566 2424 declarant
586 2363 742 2422 hominibus
762 2378 826 2439 quae
848 2363 939 2420 futura

67 2439 147 2509 sunt:
168 2454 286 2502 autnon
302 2443 416 2519 diligunt
431 2442 573 2517 homines:
595 2451 641 2497 aut
656 2482 665 2508 ,
684 2439 750 2516 quid
772 2450 938 2509 eventurum

65 2516 118 2587 fit,
138 2521 280 2594 ignorant:
302 2534 347 2578 aut
361 2519 531 2587 existimant,
551 2516 618 2574 nihil
632 2512 755 2573 interesse
768 2514 936 2580 hominum,

64 2592 135 2655 scite
148 2592 216 2674 quid
230 2596 353 2654 futurum
367 2596 413 2655 lit:
433 2608 553 2655 autnon
568 2591 678 2651 censent
700 2588 753 2650 effe
772 2591 828 2653 suae
848 2592 934 2724 made-

905 2683 935 2724 2.

66 2833 145 2881 Bacchi
152 2832 220 2893 sauls
231 2838 350 2890 Commota,
367 2844 421 2882 cum
434 2832 507 2895 vulgo
517 2831 620 2895 legatur,
628 2841 652 2877 ur
669 2831 744 2875 Bacchi
752 2827 821 2887 farris
837 2834 932 2874 commo·

66 2908 98 2944 u.
134 2896 206 2951 Cuius
221 2896 399 2955 comesturam,
421 2909 446 2944 ut
462 2894 627 2957 probabilem,
648 2889 735 2939 secutus
751 2889 809 2938 sum.
832 2888 931 2939 Lumlr‘n.

64 2962 100 3004 vr
112 2961 188 3003 Baccha·
210 2966 283 3017 aeria]
309 2961 344 3008 iic
355 2958 431 3010 solum
443 2959 491 3007 Pal.
503 2955 546 3007 sec.
557 2959 627 3005 ceteri
638 2958 723 3001 Baccha.
742 2955 767 3001 u
779 2952 803 2999 in
815 2952 929 3009 nulloell,

64 3036 125 3094 ιιι,
140 3033 174 3128 ug
218 3023 346 3073 Lambinus
355 3024 441 3087 recepit
452 3024 476 3071 in
487 3032 626 3069 contextum
638 3032 667 3066 ex
682 3015 816 3076 conjedlura
826 3014 866 3078 Jo.
879 3021 931 3065 Au·

65 3096 119 3133 ml.
176 3099 240 3137 tuter.

98 3162 137 3201 ³2.
153 3151 196 3208 Ego
208 3150 321 3211 providebo
330 3165 375 3197 rem
385 3148 462 3208 estun,
479 3148 504 3198 (θ’
515 3147 565 3192 alba
575 3147 690 3207 virginea]
714 3143 821 3190 Gtaecum
833 3156 929 3193 carmen

66 3209 149 3267 vertit,
167 3213 227 3265 Emi
238 3215 333 3269 pralon
343 3214 434 3265 ταῦτα,
450 3229 488 3256 aar
505 3207 593 3257 λιυιιιῐι
607 3216 685 3255 uitare.
716 3205 789 3262 'vrfim

97 3277 188 3328 33..Ex
199 3290 240 3337 quo
253 3274 339 3333 fallam
348 3275 389 3331 est,
406 3288 429 3321 ut
440 3274 582 3328 videremur]
603 3270 681 3331 Vulgo
691 3301 699 3322 ‚
715 3284 740 3313 nt
751 3283 793 3329 quo
802 3267 887 3326 sadum
900 3282 927 3317 ιιι

61 3336 90 3389 ό·
99 3336 232 3384 vr'drrentur.
271 3337 433 3386 aelectionem
445 3350 459 3382 a
469 3334 662 3389 nobisteceptarn
674 3329 792 3380 vindicant
802 3332 852 3381 Bal.
867 3336 903 3380 Re
920 3369 929 3383 .

60 3401 89 3451 dt
100 3398 203 3449 Cantab.
227 3405 264 3448 De
279 3398 351 3463 reipsa
367 3402 419 3451 ride
435 3398 550 3463 Jullinum
567 3395 606 3444 lib.
618 3409 687 3446 xxtr.
703 3408 753 3459 cap.
765 3402 785 3444 8.
808 3397 861 3445 &l’
893 3348 930 3451 ἑ,

59 3462 167 3515 nimiu
176 3462 281 3515 Phorieia
291 3474 341 3529 erp.
349 3480 388 3521 ις,
420 3465 501 3520 ῡιωγξ

442 3528 504 3590 llll
517 3539 570 3591 alt
585 3537 638 3589 alt
652 3541 670 3582 4
822 3535 858 3577 ³4·
875 3522 930 3582 Μ’,
