2296 3908
65 71 72 96 l

219 45 304 194 304s³
410 108 473 175 Da
495 107 913 178 NaronaDaorrurr

216 223 285 283 libus
300 225 370 285 data.
390 244 455 304 quae
469 224 489 284 fi
503 225 606 302 fingula
619 244 671 286 vos
685 222 759 285 sorti
779 242 839 284 non
860 235 980 284 movent
999 268 1008 294 ,
1028 230 1092 290 uni:

216 301 293 361 versa
312 301 388 363 cettd
409 317 504 362 tamen
525 305 596 362 inter
617 303 644 362 se
664 313 792 362 connexa
818 315 902 378 atque
937 303 1088 379 conjunsla

155 378 210 453 164
217 393 335 438 movere
351 380 498 440 debebunt.
523 381 587 440 Nec
600 378 670 439 vero
685 377 812 438 universo
825 379 921 453 generi
933 378 1085 443 hominum

214 453 322 525 solltm,
341 457 485 516 sedetiam
500 456 609 533 singulis
639 456 656 516 a
683 457 734 515 diis
756 455 957 514 immortalibus
980 460 1085 520 consuli

215 531 399 608 &provideri
412 535 490 594 solet.
515 535 598 592 Licet
611 534 688 592 enim
703 532 866 592 contrahere
879 533 1086 596 universrtatem

215 611 322 683 generis
335 611 466 680 humani,
486 624 607 686 eamque
619 610 753 687 gradatim
767 609 803 668 ad
815 610 958 685 pauciores
968 613 1087 687 ,postre-

215 684 268 744 rnd
283 687 421 747 deducere
434 687 470 747 ad
482 686 609 764 fingulos.

255 764 362 824 LXVI.
384 765 470 824 Nau
491 785 525 823 sr
545 763 674 824 omnibus
700 763 884 831 hominibus,
904 765 952 842 qui
981 764 1083 842 ubique

212 838 298 911 sunt,
317 859 495 918 quacumque
509 843 538 901 in
553 859 602 901 ora
621 859 653 900 ac
671 853 747 916 parte
761 854 913 909 terrarum,
932 842 967 900 ab
989 843 1083 919 hujus-

114 917 116 920 ’
213 933 248 975 ce
262 915 359 988 tcrrae,
379 936 464 996 quam
485 937 537 980 nos
556 918 731 987 incolimus,
750 920 962 977 continuatione
983 918 1082 979 distan-

66 1000 68 1007 ’
212 994 302 1064 tium,
322 995 544 1056 deos‘consulere
558 995 699 1055 censemus
712 992 750 1053 ob
766 1013 810 1053 eas
824 994 931 1062 causas,
951 1012 1019 1072 quas
1035 1015 1081 1055 an·

213 1068 242 1128 td
256 1072 390 1132 diximus:
410 1072 452 1132 his
471 1089 586 1148 quoque
607 1071 767 1132 hominibus
787 1071 948 1142 consulunt,
969 1075 1018 1149 qui
1038 1075 1084 1134 has

150 1139 203 1216 165
212 1149 357 1208 nobiscum
371 1162 454 1209 tetras
468 1150 501 1208 ab
517 1149 624 1217 oriente
637 1149 671 1207 ad
686 1148 862 1208 occidentem
870 1149 976 1208 colunt.
996 1161 1024 1192 2¹
1037 1151 1081 1226 Sin

211 1237 305 1284 autern
320 1227 361 1284 his
374 1225 536 1296 consulunt,
557 1226 608 1305 qui
620 1225 695 1302 quast
710 1243 839 1301 magnam
854 1225 993 1302 quandam
1009 1227 1084 1291 insu·

209 1298 266 1360 lam
280 1302 424 1372 incolunt,
443 1321 528 1381 quam
542 1321 594 1362 nos
607 1304 705 1361 orbem
717 1315 798 1361 terrae
819 1321 952 1362 vocamus
972 1324 980 1363 ι
998 1306 1081 1363 etiarn

208 1376 259 1437 illis
274 1378 505 1458 consulunt,·'qui
518 1393 605 1455 partes
620 1380 677 1454 ejus
691 1376 785 1447 insulae
798 1392 910 1447 tenent,
925 1380 1081 1457 Europam,

208 1453 324 1525 Asiam,
343 1458 480 1516 Africam.
517 1457 637 1531 Ergo&
659 1473 754 1514 earum
777 1469 865 1531 partes
887 1456 1031 1530 diligunt,
1050 1471 1080 1517 ut

209 1533 353 1601 Romam,
372 1536 513 1603 Athenas,
534 1535 677 1607 Spartam,
694 1532 851 1599 Rhodum:
872 1534 902 1592 δε
917 1550 1015 1592 earum
1037 1552 1080 1592 ur·

210 1609 289 1669 bium
301 1611 443 1685 separatim
457 1613 489 1680 ab
504 1607 633 1670 universis
648 1607 767 1683 singulos
782 1610 919 1684 diligunt,
939 1623 971 1669 ut
986 1611 1079 1688 Pyrrhi

60 1681 196 1755 θῧθωῦῖ,
212 1686 286 1745 bello
300 1687 433 1764 Curium,
453 1687 624 1753 Fabricium,
645 1686 894 1754 §Coruncanium
916 1689 1011 1760 primo
1026 1689 1078 1746 Pu·

10 1762 12 1767 <
58 1746 201 1855 {affirenlaur
209 1765 275 1824 nico
294 1773 322 1805 22
332 1763 506 1848 Calatinum,
527 1762 700 1833 {Duillium
717 1762 892 1833 Metellum,
913 1764 1074 1900 Lutatiurpr¹

1048 1858 1075 1903 e.

59 1867 119 1919 lium
129 1858 179 1923 assi.
221 1905 227 1913 ·

208 2037 242 2088 pr.
250 2037 289 2074 aut
298 2025 342 2075 lec.
350 2025 397 2078 duo
409 2024 633 2080 vetoWouwerlani
643 2022 732 2073 habent
739 2056 745 2079 ,
752 2040 787 2070 nec
796 2024 862 2071 aliter
872 2024 929 2086 quod
938 2023 953 2070 ὰ
966 2027 1021 2073 Diis
1031 2026 1074 2078 dac.

115 2111 118 2122 ·
207 2087 806 2154 urvaldesuspicerinquinatumlocumgloffemate,
823 2084 1077 2152 scribendumquerau·

208 2163 274 2198 urm:
290 2151 472 2217 lsamini'profosll
482 2155 497 2200 ὰ
509 2160 561 2202 Diis
572 2152 728 2202 ammutium
740 2151 801 2197 dara.
818 2153 916 2200 Gruterr
930 2153 989 2214 Agit
1000 2151 1076 2207 bouus,

206 2213 242 2262 vir
252 2229 319 2263 more
329 2216 383 2272 siro,
399 2217 492 2273 eliciens
504 2233 531 2265 ea
543 2219 662 2280 inquibus
673 2216 751 2264 haret.
766 2213 1074 2275 inquinatusestlocusnon
1115 2262 1116 2275 ἶ

204 2273 359 2386 {lossensem
376 2276 415 2326 sed
424 2279 585 2341 glossematis,
598 2278 664 2342 quod
674 2275 816 2341 ignorabant
829 2276 932 2334 librarii,
947 2292 1001 2326 vere
1013 2279 1075 2327 Tul·
1114 2278 1116 2313 ἕ

216 2338 262 2386 iatri
273 2340 369 2390 indosla
379 2343 501 2400 ejelrione.
518 2347 557 2392 To*
567 2345 593 2390 ab
604 2345 649 2391 alio
659 2339 740 2390 absunt
752 2341 823 2387 etiam
836 2354 850 2386 a
861 2338 1009 2397 Bussidiano,
1022 2356 1074 2405 qua
1114 2364 1116 2369 ·

203 2415 248 2464 pto
275 2418 327 2452 crea
338 2420 386 2453 non
397 2403 445 2453 esse
455 2400 567 2454 Tulliana
577 2420 643 2462 reor,
657 2397 866 2464 scuirendumque:
883 2407 933 2450 Hac
943 2440 949 2453 .
958 2439 980 2454 ..
995 2419 1074 2452 natura

203 2465 235 2510 ad
254 2471 352 2514 acutiam
368 2485 438 2516 rerum
444 2469 574 2528 futurarum
585 2472 668 2515 laomim
675 2461 765 2529 profissd
775 2465 803 2521 est
813 2483 848 2512 nec
856 2469 992 2530 alicuiquam
1002 2485 1017 2513 a
1029 2471 1073 2526 dist¹

202 2530 359 2578 {ammaim
368 2532 427 2580 data.
444 2534 479 2581 Sic
485 2530 585 2581 notabili
591 2545 650 2580 voce
661 2529 794 2579 restituta&
808 2525 848 2590 ipsi
860 2529 1003 2578 illustramus
1013 2532 1074 2580 Tul·

202 2589 275 2650 lium,
292 2606 317 2642 ut
327 2593 353 2642 in
364 2594 608 2656 orationeproscrrtio
624 2596 649 2644 δι
659 2592 772 2643 librorrr.
789 2589 881 2640 Tul‘cul.
889 2607 938 2656 cap.
946 2609 968 2647 9.
979 2608 1074 2643 memo-

201 2655 305 2704 ravimus
321 2656 351 2706 ab
368 2671 434 2720 parre
448 2657 557 2714 fassum,
572 2670 642 2706 tanto
653 2658 755 2712 certius,
774 2654 839 2718 quod
852 2654 893 2718 ipsr
904 2657 999 2705 codices
1009 2658 1073 2707 ulrto

201 2731 256 2780 mm
266 2719 398 2786 suggerunt.
431 2727 514 2786 ltaque
523 2720 555 2770 sic
565 2719 634 2770 edere
645 2718 814 2770 nondubitavi.
832 2721 927 2769 Gronov.
962 2718 1073 2770 Davisius

200 2779 291 2841 edidit,
307 2803 342 2832 arc
353 2787 379 2832 ab
388 2787 433 2832 asso
444 2788 514 2833 alicui
522 2784 589 2845 quim
601 2785 615 2832 ὰ
628 2787 682 2832 Diis
694 2784 858 2832 immortalibus.

169 2891 171 2898 .
208 2858 210 2864 ’
232 2862 269 2905 ar.
287 2851 327 2896 Sin
338 2862 409 2895 aurem
419 2853 453 2896 his
462 2851 589 2910 confilium]
615 2851 667 2896 Nec
677 2847 777 2898 Vislorii
785 2845 877 2900 editio,
899 2861 943 2894 nec
955 2847 1014 2898 Pall.
1026 2859 1074 2908 tres

198 2911 329 2973 agnoscunt
339 2926 471 2975 pronomen
481 2916 524 2963 his.
540 2916 633 2961 Gruter.
666 2913 789 2959 sinautem
800 2908 1029 2973 semperfignisicar,
1046 2924 1070 2961 ot

197 2973 258 3022 mitri
273 2975 381 3031 uidetur,
397 2974 488 3035 aliquid
502 2973 684 3038 praecedentibus
699 2975 851 3022 contrarium.
886 2975 972 3022 Cicero
988 2988 1072 3023 tamen

195 3033 341 3095 hictantum
353 3039 467 3101 exemplo
482 3038 609 3098 confirmat
620 3037 643 3087 id
657 3071 665 3096 ,
681 3036 750 3097 quod,
769 3050 838 3085 antea
853 3036 953 3087 dixerat.
988 3035 1073 3099 Credo

194 3099 266 3166 igitur
279 3100 407 3165 legendum
417 3100 477 3157 effe,
489 3103 513 3160 fi
521 3117 600 3154 auram.
632 3100 742 3151 Bouhier.

229 3177 267 3211 ιι.
286 3168 428 3219 calatium,
445 3168 588 3227 Duellium]
600 3173 603 3180 '
616 3170 658 3216 Per
675 3164 861 3228 hysterologiam
878 3161 994 3227 posterior
1009 3164 1072 3229 prius

194 3226 339 3277 nominatur.
373 3229 482 3278 Duellius
504 3230 584 3292 iraque
600 3264 607 3286 ,
623 3223 671 3278 sire
682 3229 784 3293 Duillius
800 3230 887 3290 lsai&
902 3229 989 3283 nissi&
1010 3226 1072 3292 apud

104 3326 107 3330 -
191 3288 317 3351 Polybium
330 3290 376 3354 est)
392 3289 518 3340 commisso
527 3295 608 3358 praelio
619 3291 842 3356 Carthaginensium
856 3290 940 3340 ducem
952 3292 1068 3348 vicit‚30.

109 3413 112 3419 Ι
189 3367 266 3401 nares
280 3354 360 3415 cepit,
383 3371 420 3413 14·
440 3353 538 3412 mersit,
556 3373 626 3414 7000.
644 3355 747 3406 hostium
768 3357 851 3415 cepit,
875 3371 952 3408 30000
971 3354 1068 3404 occidit.

64 3468 81 3482 f
193 3419 280 3478 Neque
289 3418 338 3466 ulla
349 3420 447 3469 ridoria
458 3420 575 3468 Romanis
587 3421 676 3482 gratior
686 3419 739 3470 suit.
766 3422 854 3469 Primus
863 3419 974 3466 navalem
984 3419 1072 3467 triurn-

34 3491 41 3530 ι
185 3481 266 3551 pluris
276 3481 352 3537 diust.
370 3489 468 3556 eutrop.
482 3488 569 3557 risque
579 3479 705 3537 catarum
715 3483 735 3535 is
747 3484 852 3549 Regulus
864 3479 924 3541 suit,
941 3482 985 3549 qui
995 3481 1069 3546 capti·

192 3565 196 3573 ¹
323 3564 324 3568 ¹
427 3559 430 3566 ’
457 3573 458 3579 .
494 3559 496 3566 ·
541 3571 544 3577 ·
651 3555 653 3558 ’
794 3571 796 3576 ·
1028 3557 1073 3612 rut¹
