2296 3908
210 130 403 201 Lim
446 130 786 198 Secunnus.
857 152 941 220 3049

55 239 182 315 ¹fecundo
195 239 376 309 Maximum,
395 237 580 307 Marcellum,
600 236 767 296 Africanum
776 262 786 307 ;
807 242 867 317 post
883 245 937 304 hos

56 316 204 387 Paullum,
224 312 403 386 Gracchum,
424 315 566 374 Catonem
582 357 591 384 ,
609 325 624 369 s
630 323 775 389 patrumve
797 320 961 381 memoriis
981 333 1088 389 rutrum·¹

38 388 42 397 '
58 395 226 472 Scipionem
243 437 252 465 ,
272 393 419 454 Laelium:
441 392 601 468 multosque
620 402 753 467 praeterea
787 396 817 453 ὃ(
846 397 936 457 nostra
945 397 992 447 ‘1¹³⁶
1001 388 1055 439 alii.

58 474 177 542 civitas,
197 474 228 531 &
242 472 354 530 Graecie
367 468 429 529 tulit
441 468 587 544 fingultres
599 470 672 527 viros
680 489 690 535 ;
711 485 833 544 quorum
847 476 938 534 nemi·

60 566 133 613 uem
147 547 198 609 nili
208 549 326 625 juvante
339 546 395 605 deo
407 544 493 605 talem
508 544 586 604 fuiffe
600 545 772 605 credendum
790 549 836 608 est.
983 551 1008 601 P·
1022 552 1052 629 β.

99 630 178 704 Quae
191 626 261 685 ratio
276 628 391 701 po'e'tas,
411 622 591 699 maximeque
614 623 796 695 Homerum,
812 628 941 704 impulit,
952 625 1006 685 166

60 716 93 763 ut
109 701 276 780 principibus
289 702 428 769 heroum,
448 699 594 776 ²³U1yffi,
613 699 768 772 Diomedi,
782 705 942 780 Agamem·

59 781 151 851 noui,
170 779 291 848 Achilli,
312 790 403 838 certos
415 777 508 847 deos,
528 776 716 836 discriminum
744 780 774 839 δε
801 786 940 857 periculo-

60 874 126 925 tum
148 857 291 926 comites,
311 856 483 932 adjungeret.
520 854 655 913 Praeterca
675 854 796 931 ipsorum
819 859 939 923 deorum

60 933 136 1012 saepe
150 933 320 1011 ptaesentiae,
340 932 433 1009 quales
448 930 525 1008 supra
540 932 939 1011 commemoravi,declarant,

62 1011 98 1071 ab
119 1013 161 1073 his
184 1012 215 1070 δι
235 1011 412 1080 civitatibus,
446 1012 476 1068 ὅ(
504 1008 612 1084 singulis
638 1010 798 1071 hominibus
825 1016 941 1078 consuli:

63 1089 142 1161 ¹‚uod
163 1086 279 1165 quidem
301 1087 460 1163 intelligitur
481 1086 564 1144 etiam
587 1084 827 1161 fignificationibus
847 1110 942 1153 rerum

11 1224 17 1235 ,
61 1105 244 1236 ?uturarum,
271 1181 336 1241 quae
356 1175 417 1223 tum
438 1162 662 1232 dormientibus,
682 1176 742 1227 tum
766 1168 942 1242 vigilantibus

64 1241 277 1319 portenduntur.
315 1241 402 1300 multa
416 1252 548 1316 praetcreu
562 1240 696 1309 ostentis,
716 1243 804 1301 multa
823 1246 851 1303 in
871 1252 942 1308 extis

63 1318 270 1390 ¹admonemur,
290 1319 440 1395 multisque
455 1318 533 1375 rebus
547 1318 619 1375 aliis:
640 1335 707 1392 quas
723 1319 866 1382 diuturnus
880 1327 942 1385 ulus

63 1390 104 1455 ita
117 1397 244 1465 notavit,
265 1407 296 1454 ut
311 1407 398 1453 artem
413 1393 589 1452 divinationis
604 1393 732 1453 efficeret.
772 1399 868 1459 Nemo
890 1404 942 1476 igi-

62 1484 110 1533 tur
124 1472 167 1531 vir
181 1489 295 1548 magnus
310 1472 367 1530 line
382 1471 474 1546 aliquo
497 1469 591 1527 afflatu
612 1470 711 1529 divino
728 1490 861 1549 umquam
876 1479 938 1540 fuit.

65 1558 68 1563 “
105 1549 172 1608 Nec
185 1550 252 1607 vero
267 1550 305 1606 ita
319 1547 502 1606 refellendum
519 1547 555 1604 est
573 1589 582 1616 ,
601 1559 657 1616 ut,
677 1547 697 1605 fi
726 1548 857 1624 segetibus
889 1558 1000 1631 auttdy

65 1626 169 1699 ¹vinetis
182 1626 332 1701 cujuspiam
347 1624 492 1699 tempestas
505 1625 649 1693 nocuerit,
669 1637 716 1683 aut
729 1624 822 1702 siquid
839 1629 854 1687 ὲ
869 1633 935 1691 vitae
1000 1628 1003 1634 ’

65 1701 226 1761 commodis
241 1701 315 1759 casus
329 1700 481 1768 abstulerit,
502 1718 586 1767 eum,
607 1702 652 1758 cui
667 1702 735 1775 quid
749 1703 849 1763 horum
864 1710 939 1769 acci-

63 1778 154 1849 derit,
174 1789 221 1836 aut
233 1777 351 1837 irivisum
367 1777 446 1844 deo,
467 1789 514 1835 aut
534 1777 693 1851 neglectum
716 1777 731 1836 i
755 1780 810 1839 deo
827 1784 938 1857 judice.

63 1872 137 1920 tntu.
174 1854 281 1930 Magna
307 1854 345 1914 dii
360 1868 481 1924 curant,
501 1871 584 1929 parva
598 1855 749 1930 negligunt,
788 1862 937 1938 ²÷Magnis

889 1958 939 1999 au·

61 2128 108 2166 vus
120 2126 166 2179 pto
177 2109 320 2170 redimendis
331 2113 428 2177 captivis
438 2117 546 2161 Romam
556 2110 586 2160 ab
599 2109 665 2160 hoste
675 2108 755 2160 miffus
766 2112 810 2161 fuit
822 2148 828 2167 ,
846 2113 883 2164 sed
895 2121 938 2180 qui

63 2178 111 2228 illo
120 2176 231 2251 tempore
241 2177 277 2226 bis
289 2175 362 2226 Coos.
374 2174 441 2225 fuiffe
449 2177 543 2240 legitur.
575 2175 689 2223 Videntur
699 2189 797 2231 tamen,
814 2176 830 2224 ὀ
842 2182 938 2240 Cicero,

63 2238 192 2291 confundi.
208 2239 247 2289 hic
257 2241 322 2288 eninr
334 2255 384 2287 tarn
394 2254 425 2287 ex
445 2241 554 2286 erumnis
575 2238 649 2300 quiunt
665 2237 731 2285 rebus
751 2241 845 2303 egregii
867 2243 938 2307 gestis

64 2302 155 2353 nobilio
165 2301 218 2352 est:
235 2301 291 2352 cum
305 2304 335 2351 de
350 2304 445 2359 altero,
461 2315 542 2366 preter
559 2300 620 2349 duos
637 2299 788 2358 consulatus,
805 2305 865 2354 nihil
877 2308 939 2360 adeo

64 2365 216 2431 splendidum
227 2380 267 2415 aut
278 2365 407 2415 virtuosum
417 2365 515 2429 legatur.
547 2368 661 2411 Beruleim.

99 2444 138 2485 23·
152 2432 199 2479 ‘vir
214 2436 242 2488 u]
272 2428 300 2478 ld
310 2427 376 2491 quod
390 2442 420 2476 ex
436 2441 488 2476 tota
498 2426 548 2476 fere
563 2425 665 2490 odyssea
677 2442 790 2489 apparet,
808 2429 846 2480 ubi
861 2435 939 2485 Pallas

63 2490 122 2555 chin
131 2492 178 2555 Uly
213 2524 220 2547 ‚
235 2506 288 2541 turn
298 2492 444 2542 Telemacho
457 2490 528 2539 favet.
546 2495 572 2539 dc
587 2492 724 2551 exemplum
742 2506 814 2541 unum
825 2494 858 2543 est
868 2498 937 2548 lliad.

35 2592 38 2605 .
66 2557 92 2612 β.
108 2554 146 2603 Sic
156 2553 218 2618 apud
229 2556 359 2620 Vergilium
369 2562 447 2604 Venus
457 2559 534 2603 AEncae
545 2553 585 2602 suo
597 2554 683 2615 ubique
694 2553 773 2609 adest,
789 2556 846 2606 ficut
864 2563 939 2612 etiam
974 2569 978 2577 ’

40 2636 48 2649 =
66 2616 160 2669 tritus.
176 2622 190 2667 “a
201 2618 327 2667 Diomedis
337 2632 410 2667 tnnnu
418 2633 473 2667 eum
485 2617 575 2666 liberat.
608 2616 753 2666 Diomedem
763 2634 841 2669 aurem
850 2621 939 2675 ibidem

65 2679 309 2737 mmeonsolatu,
329 2685 354 2731 δι
371 2682 420 2739 eius
439 2696 486 2741 ope
501 2680 615 2743 plurimos
632 2680 750 2730 interficit.
784 2681 875 2746 Jupiter
891 2689 897 2734 i
916 2690 940 2737 se

65 2746 249 2806 Agamemnoni
259 2744 336 2801 adest,
352 2743 407 2792 cum
419 2743 488 2800 alibi,
503 2743 631 2815 tum'lliad.
643 2745 667 2799 β.
684 2748 762 2805 Quini
774 2760 830 2795 vero
841 2762 884 2810 pro
897 2704 940 2799 fut>

65 2806 161 2856 Achille
171 2806 257 2856 Thetis
269 2806 359 2856 solicita
369 2806 397 2856 fit
408 2806 491 2870 passim
501 2807 527 2854 in
537 2805 611 2855 llrade
621 2807 828 2865 animadvertitur,
844 2811 938 2873 preser-

65 2869 114 2925 tim
125 2868 193 2919 lihr.
206 2879 242 2920 ιε.
260 2872 389 2920 &ultimo
423 2872 490 2919 Idem.

68 2939 72 2945 '
99 2948 138 2989 24.
155 2935 241 2991 diurnis
257 2948 327 2980 autem
343 2936 401 2980 viris
411 2934 505 2996 prospere
524 2933 626 2980 eveniunt
636 2930 717 2993 semper
737 2950 807 2979 omncs
824 2943 877 2994 reu]
907 2941 937 2988 ln

65 2997 128 3043 ven.
148 3000 248 3042 eveniunt
269 2998 400 3045 omittitur:
433 2999 457 3043 δι
472 2995 547 3059 potest
558 2992 612 3041 sune
620 2994 761 3043 extrinsecus
774 3012 823 3044 non
840 2999 937 3048 incom-

63 3054 141 3105 mo‘de
151 3058 367 3123 tubumintelligi.
390 3057 432 3107 Sed
444 3057 581 3106 illalinam.
605 3061 685 3119 Magne
695 3075 769 3104 curare
779 3066 848 3115 Deos,
863 3075 937 3123 pam

62 3122 175 3185 negligere.
208 3123 335 3185 Euripides
349 3122 401 3179 est,
416 3123 480 3184 cuius
493 3118 569 3172 uersus
578 3120 713 3171 Plutarchus
723 3123 843 3189 preceptis·
855 3126 940 3191 couju-⁴

48 3182 160 3251 villus
170 3183 293 3249 exposuit:
499 3196 502 3203 ’
560 3202 563 3206 ’
727 3218 731 3223 .
923 3202 925 3206 »

68 3274 71 3279 ’
195 3264 201 3272 ’
342 3281 392 3329 Tris
407 3279 468 3342 dyas
483 3278 530 3346 sig
544 3274 649 3331 ductent

203 3339 272 3400 etde,
288 3342 321 3391 ei
335 3343 408 3404 μικρεί
423 3341 454 3396 rt'r
469 3346 542 3407 τύχην
554 3345 611 3398 dreit
627 3340 663 3394 ii.

59 3436 144 3481 (mm
176 3428 278 3487 Prospere*
288 3435 369 3497 semper
381 3451 448 3481 onnes
461 3442 512 3493 ren]
540 3433 579 3482 Est
593 3435 606 3482 h
621 3432 780 3489 Vistorianis,
795 3430 939 3495 quihussuh·

58 3484 166 3581 [tribum
183 3494 244 3567 tau,
254 3491 302 3551 duo
313 3501 339 3551 δι
356 3502 384 3571 Ρ..
391 3498 433 3550 ille
448 3498 623 3579 Gulielmiuuus
639 3532 647 3560 ,
668 3496 712 3549 nili
723 3495 826 3566 quodid
837 3497 941 3625 rw:
