2296 3908
198 98 405 215 'ranei
449 140 790 213 Seeunnus.
853 162 936 236 3353
1052 131 1117 249 ,

59 258 205 319 eluderent
219 259 288 318 deos
305 301 314 329 ,
351 259 569 335 quibusomnia
591 260 724 318 deberent
744 255 799 319 elie
819 262 942 333 parentia

59 336 191 472 {hibera
201 378 209 406 ‚
219 322 400 413 quorumque
413 339 460 396 hic
475 336 597 431 mundus
610 338 703 396 omnis
717 335 856 411 templum
873 334 952 398 eliet'

126 430 217 473 omus.

99 491 150 547 Xl.
169 490 321 551 mimus
341 491 436 549 Graeel
471 501 555 566 atque
575 489 660 549 nostri
680 509 687 548 ι
717 490 790 565 qui,
811 502 842 548 ut
857 507 943 564 auge·

59 581 124 625 rent
138 568 270 643 pietatem
287 569 315 626 in
332 568 418 636 deoS,
439 568 549 626 easdem
572 568 656 636 illos,
677 584 744 642 quas
764 585 817 625 nos
833 591 849 637 ,⁴
863 569 944 626 urbes

59 643 187 703 incolere
201 646 361 705 voluerunt.
399 643 479 702 affert
494 646 571 701 enim
587 645 649 702 haec
664 645 762 719 opinio
776 645 942 719 religionem

58 721 159 780 utilem
175 723 329 783 civitatibus
347 741 354 780 :
377 720 512 797 siquidem
529 722 557 778 δι
572 721 639 787 illud
653 719 724 778 bene
743 721 848 780 ditium
866 722 904 779 est
925 721 942 780 a

59 797 243 874 Pythagora,
264 799 423 858 doeliffimo
446 800 507 856 uiro
522 806 611 866 ,tum
636 797 783 865 maxime,
806 801 834 856 lle
856 801 961 874 pieta--

57 885 137 945 tem,
158 878 188 934 &
203 877 367 952 religionem
382 874 480 934 versari
499 876 528 933 in
551 877 667 942 animis,
688 874 752 933 cum
773 877 852 933 rebus
871 876 1099 952 divi-reum

45 953 103 1010 nis
117 969 233 1028 operam
256 954 393 1012 daremus,
429 950 501 1011 ⁶8&
518 951 598 1026 quod
619 952 748 1021 Thales,
769 954 818 1028 qui
838 951 956 1028 sapien

59 1028 218 1093 tilirmusin
240 1029 345 1106 septem
368 1032 444 1100 fuit,
466 1029 597 1088 homines
620 1030 773 1088 existimare
794 1043 944 1104 oportere,

60 1108 159 1166 omnia
174 1124 239 1184 quae
254 1120 455 1175 cernerentur,
476 1107 594 1167 deorum
610 1106 665 1165 elie
679 1107 779 1181 plena:
798 1108 945 1169 foreenim
979 1123 982 1130 ·

59 1200 163 1243 omnes
183 1184 310 1249 castiores
326 1227 335 1253 ‚
354 1182 384 1238 ⁶9
393 1184 478 1242 veluti
500 1184 549 1260 qui
570 1185 599 1241 in
621 1184 690 1243 fanis
712 1181 798 1243 essent
820 1183 945 1242 maxime

59 1259 202 1336 religiofis.
243 1261 281 1320 est
294 1261 370 1319 enim
387 1260 507 1337 quadam
522 1259 658 1335 opinione
671 1259 773 1336 species
789 1259 907 1321 deorum
914 1263 955 1322 iu'

60 1338 168 1407 oculis,
190 1355 251 1398 uon
265 1337 355 1398 solum
369 1337 398 1394 in
414 1336 561 1394 mentibus.

102 1413 301 1491 Eamdemque
316 1414 457 1472 rationem
476 1414 532 1471 luci
553 1412 657 1471 habent
678 1413 707 1472 in
726 1414 803 1488 agris.
843 1415 992 1491 Neque27

61 1507 115 1558 ea,
135 1507 200 1567 quae
215 1490 231 1549 i
246 1491 397 1567 majoribus
412 1488 520 1567 prodita
535 1488 571 1546 est
587 1489 652 1548 cum
668 1489 808 1559 dominis,
828 1503 889 1551 tum
905 1495 946 1550 fa-
1051 1562 1053 1565 ¹

62 1565 165 1636 mulis,
186 1567 272 1643 polita
289 1572 318 1627 in
334 1567 414 1627 fundi
427 1567 557 1644 vsslaeque
573 1567 739 1640 compello,
760 1568 971 1643 religioeLa-g
985 1583 1080 1636 patrum

61 1661 128 1703 rum
160 1645 329 1721 repudianda
357 1645 405 1704 est.
443 1645 504 1719 Jam
535 1645 601 1703 ritus
628 1644 742 1702 familiae
776 1637 1086 1722 patrumque‘ffifflmv

60 1719 189 1792 servare,
209 1722 316 1795 idest(
338 1723 454 1782 uoniam
469 1721 616 1797 antiquitas
629 1719 758 1797 proxime
782 1723 890 1782 accedit
909 1725 945 1784 ad

61 1798 145 1875 deos)
164 1798 180 1857 ὲ
197 1799 246 1858 diis
259 1741 336 1876 quill
349 1798 478 1858 traditam
493 1799 657 1874 religionem
672 1800 751 1856 tueri.
792 1797 881 1870 Quod
900 1817 949 1859 au-

59 1888 122 1935 tem
138 1894 173 1935 ex
186 1876 338 1937 hominum
353 1893 455 1952 genere
488 1875 683 1944 consecratos,
710 1875 778 1934 sicut
792 1877 949 1938 Herculem

61 1953 95 2012 &
110 1966 241 2023 eeteros,
274 1953 329 2012 coli
350 1953 396 2012 lex
398 1953 520 2088 ssjubete,
545 1953 649 2010 indicat
678 1953 807 2011 omnium
830 1955 947 2029 quidem
1014 1962 1025 1997 'r

59 2030 174 2092 animos
186 2030 359 2090 immortales
380 2049 396 2089 e

58 2108 154 2167 vinos.

101 2184 179 2244 Bene
199 2183 292 2254 vero,
318 2181 398 2260 quod
419 2184 529 2251 Mens,
555 2183 668 2251 Pietas,
696 2183 818 2251 Virtus,
838 2183 918 2244 Fides
933 2189 990 2256 ‚28

61 2261 277 2329 z0eonsecratur
293 2278 395 2319 manu:
417 2277 534 2336 quarum
549 2261 680 2318 omnium
695 2261 800 2317 Romae
817 2260 946 2321 dedicata
1013 2308 1017 2324 .

59 2337 171 2414 publice
186 2338 291 2415 templa
304 2338 383 2406 sunt,
402 2338 493 2397 utilia
509 2337 559 2415 qui
578 2337 698 2397 habeam
718 2336 833 2413 (liabent
845 2349 944 2398 autem

162 2435 163 2440 ¹
842 2422 945 2483 omnes

419 2049 453 2100 e,
472 2029 520 2089 sed
540 2025 657 2100 fortium
683 2029 881 2119 bonorumque
902 2031 964 2099 dl»

94 2575 132 2617 62.
149 2573 180 2616 Et
189 2569 247 2633 quod
258 2569 352 2625 Thales,
371 2568 408 2615 'ue‘
423 2568 480 2626 ire]
509 2567 658 2624 Lambinus,
675 2569 701 2620 (α’
713 2569 770 2627 quod
788 2571 792 2579 “
805 2569 884 2625 Thale,
900 2566 943 2617 sed

59 2633 132 2748 {religa
141 2630 285 2744 suffgganre
295 2629 348 2681 mli.
358 2584 381 2680 [iq
387 2631 446 2696 quid
458 2630 618 2688 mutandum,
632 2629 739 2682 maluisse
789 2634 942 2696 &quiarte-

70 2713 93 2743 es
130 2713 148 2746 c.
207 2709 276 2744 ruter.

96 2766 135 2813 69.
149 2762 220 2807 Veluti
230 2761 270 2824 qm'
282 2762 305 2807 in
315 2758 380 2818 fanis
393 2760 454 2820 efflent
465 2757 562 2808 maximi
574 2757 701 2819 augustea]
730 2755 827 2807 Retloul
838 2756 940 2807 Lambi-

59 2821 175 2879 nianum,
190 2821 304 2873 riarum-e
319 2822 455 2884 eoniestura
469 2819 574 2870 Turnebi
590 2855 597 2876 ,
612 2824 724 2884 velutique
739 2827 763 2866 en
784 2819 843 2874 fanis
856 2821 938 2881 efflue,

58 2885 160 2937 maxime*
171 2888 285 2948 religiosos.
302 2885 399 2950 vulgata
409 2882 458 2933 sme
469 2881 533 2932 sensu
545 2901 551 2932 r
566 2888 638 2932 veluti
648 2901 688 2949 quo
698 2881 772 2941 infans
784 2884 831 2943 effer
841 2883 941 2930 maxim?

56 2950 190 3011 religiosus,
205 2948 273 3011 quoel
284 2952 310 2998 &
322 2950 346 2997 iu
358 2949 406 2999 Pal.
418 2961 471 2997 tert.
483 2962 540 2996 nam
552 2961 631 3012 quart.
644 2947 739 3008 castiores
750 2962 791 3010 quo
806 2945 880 3004 infans
892 2947 941 3008 effes

58 3013 185 3073 religiosus,
199 3010 400 3063 exelufiseeterie
434 3015 501 3061 telem.
797 3012 798 3015 ’

56 3077 58 3082 ’
92 3090 132 3130 7ο.
151 3077 283 3134 consecratur
299 3081 385 3134 manu]
414 3076 458 3123 Vel
471 3072 535 3139 quod
557 3074 582 3121 in
599 3072 776 3122 consecratione
790 3072 938 3136 templorum

59 3153 135 3190 manu
146 3139 219 3204 postis
230 3137 361 3189 tenebatur.
378 3140 431 3188 Llr.
439 3136 479 3187 lib.
487 3139 558 3197 unde
570 3139 707 3185 Dedieerione
718 3139 832 3198 Capitolini
844 3140 939 3201 Templi:
986 3174 987 3178 ,

59 3203 144 3261 Rostem
153 3208 205 3264 jam
226 3206 306 3251 tenenti
320 3201 400 3264 consuli
416 3200 502 3260 fredum
524 3205 579 3248 inter
595 3205 735 3264 precationem
751 3198 815 3245 desim
836 3205 940 3248 nuncium
1002 3231 1006 3238 ι

59 3271 175 3318 incutiunt.
194 3270 277 3315 rCicero
295 3279 331 3319 uro
346 3273 443 3312 Domo:
475 3262 556 3321 Poſsem
579 3278 646 3310 tenere
662 3276 752 3327 oportere
769 3266 792 3308 in
807 3263 940 3312 dedicatione

58 3332 221 3392 templivideor
234 3331 332 3392 aedeffi,
354 3329 392 3377 vel
404 3325 469 3390 quod
481 3327 573 3390 templa
585 3340 677 3383 manu,
703 3327 719 3375 i,
738 3341 758 3375 e.
776 3340 848 3388 opere
867 3341 941 3375 manu
979 3324 982 3335 ‘

58 3392 127 3507 faste’co
139 3391 287 3461 ponebantur
302 3426 311 3451 ‚
326 3391 393 3458 quod
409 3391 485 3441 verius
500 3403 578 3456 puto:
602 3389 735 3453 eujusmodi
752 3390 812 3438 illud
828 3391 941 3439 Maronis
1017 3414 1021 3419 ,

59 3473 74 3518 α
199 3523 240 3583 τοι
255 3516 346 3587 noneste
360 3519 553 3585 maneprmpris
567 3517 643 3583 oppida
653 3516 726 3582 saxia.
757 3514 863 3571 Turneb.
915 3583 944 3642 ἢ
1045 3563 1048 3571 ,

274 3589 276 3594 ’
817 3597 822 3605 '
854 3592 900 3639 Ἱῖ·
945 3603 968 3640 “,

1009 3655 1075 3686 rem
