2296 3908
227 106 312 191 3164
377 99 454 167 De
495 100 936 174 Drvrnnrrone

223 212 394 283 sacerdotes,
414 231 484 290 quos
499 215 612 283 μάντεις
625 226 744 283 vocant,
763 215 946 277 adhibuerunt
964 238 972 276 r
996 221 1028 280 de
1045 222 1103 283 La:

224 291 394 351 cedaemonii
408 292 513 365 regibus
535 290 586 349 suis
607 309 738 365 augurem
759 289 911 351 assessorem
933 295 1078 357 dederunt
1089 322 1100 368 ;
1138 314 1142 353 :

224 368 350 445 itemque
364 367 469 425 senibus
476 366 525 441 (sre
540 368 614 424 enim
629 368 772 425 consilium
788 368 928 444 publicum
943 374 1100 450 appellant)
1139 364 1142 417 ἶ

223 461 356 521 augurem
370 442 495 502 interesse
510 443 657 502 voluerunt
673 463 679 501 :
699 445 839 521 iidemque
861 446 896 503 de
911 448 994 507 rebus
1009 453 1100 527 majo-
1140 464 1142 493 ⁸

64 558 95 607 ι,
116 522 295 603 mosibus
308 521 414 594 semper
428 532 474 579 aut
487 519 602 594 Delphis
616 521 777 591 oraculum,
799 523 1098 598 autavaammone,

74 600 110 670 ’κ
116 619 167 669 aur.
223 612 271 658 aut
286 597 302 657 *a
316 596 442 656 Dodona
455 596 592 670 petebant.

178 681 216 757 96
262 675 408 750 Lycurgus
423 672 555 748 quidem,
574 674 622 749 qui
637 673 921 733 Lacedaemoniorum
946 678 1097 753 rempubl:

224 771 287 813 carn
308 752 497 824 temperavit,
517 748 590 823 leges
608 749 666 808 suas
686 750 847 808 audomare
868 752 1009 827 Apollinis
1031 755 1097 813 Del·

223 830 299 905 phici
317 825 500 885 confirmavit,
519 843 586 901 quas
600 824 665 885 cum
681 825 764 884 vellet
780 827 921 902 Lysander
936 844 1097 890 commuta-

222 922 270 976 re,
291 903 389 962 eadem
411 902 448 961 est
470 902 620 978 prohibitus
640 901 783 978 religione.
820 903 915 979 Atque
939 908 1027 964 etiam
1051 909 1096 984 qui

224 992 362 1066 praeerant
377 978 618 1046 Lacedaemoniis,
638 997 697 1036 non
713 980 837 1066 contenti
858 981 1036 1054 vigilantibus
1051 1002 1096 1043 cu-

224 1054 613 1199 eailrlsllrnllla
626 1055 903 1206 lrltlrltlfrll
918 1072 1098 1211 virtuli
1140 1170 1142 1176 .

227 1208 338 1268 oracula
352 1206 497 1265 ducebant.
538 1207 687 1266 Adnollra
706 1208 765 1281 jam
783 1206 876 1267 redeo.
915 1212 1042 1285 Quoties
1059 1212 1097 1270 se·
1140 1229 1142 1281 ι

225 1298 306 1343 natus
321 1284 495 1341 decemviros
509 1282 544 1340 ad
557 1284 638 1343 libros
651 1286 691 1342 ire
701 1283 796 1360 juffit?

181 1386 218 1448 97
266 1360 342 1418 Nam
357 1360 386 1416 ὅ(
403 1357 466 1417 clun
482 1359 540 1417 duo
554 1359 603 1417 visi
625 1360 693 1419 soles
706 1358 847 1428 essent,&
861 1357 926 1418 cirm
942 1374 1002 1421 tres
1014 1363 1096 1433 lune,

229 1434 337 1496 &clim
353 1436 443 1503 faces,
463 1434 723 1494 &cumsolnoele
744 1435 812 1493 visus
833 1432 924 1506 esset,
945 1439 978 1497 δι
998 1440 1096 1498 cumi

228 1512 303 1572 coelo
318 1511 580 1583 fremitus'audirus,
600 1513 629 1568 δι
644 1510 708 1569 edm
729 1512 831 1570 coelum
854 1510 999 1574 discesfille
1013 1516 1095 1576 visum

226 1588 279 1660 est,
300 1601 383 1667 atque
404 1590 433 1646 in
454 1605 489 1645 eo
513 1586 694 1662 animadversi
713 1588 797 1663 globi.
834 1588 935 1648 Delata
958 1594 1046 1652 etiarn
1065 1592 1100 1655 ed.

1059 1668 1096 1729 se·

256 1819 294 1863 53·
312 1810 339 1852 ln
350 1804 453 1865 Pafiploo
460 1799 526 1860 fano,
540 1802 596 1863 quod
606 1800 634 1853 eli
643 1801 700 1857 oe]
716 1802 751 1850 Sic
760 1802 851 1865 prorsus
861 1804 1015 1868 legendum,
1032 1820 1092 1863 non,

224 1881 252 1916 ιιι
262 1868 301 1917 vul
341 1897 350 1921 ,
366 1872 389 1913 in
401 1865 498 1923 Pafirhee
508 1880 556 1913 eoo.
587 1867 656 1911 Hanc
667 1865 730 1911 enim
742 1866 863 1928 vulgatam
874 1868 1009 1918 leitionem
1024 1867 1093 1917 hllo·

225 1931 295 1979 eiere
307 1931 366 1978 ellit.
397 1927 531 1976 Plutarchus
548 1926 572 1973 in
589 1925 667 1988 Agide
685 1925 709 1972 δι
722 1926 844 1974 Cleombr.
859 1930 1094 1992 pag.797.'1eplrsl

228 1997 408 2047 ΠΔΣΙΦΗΑΣ,
427 1996 465 2039 roei
481 1992 609 2047 μαιιιιίιι,
628 1989 648 2037 'rr
668 1992 794 2045 &aarum
810 1990 937 2048 τιμιίμιιοι
955 1996 1005 2042 διο.
1028 1998 1093 2047 ,Ter-

225 2056 338 2104 tullianus
348 2053 377 2102 de
395 2055 483 2103 Anima
497 2066 548 2116 cap.
559 2058 597 2109 46.
614 2058 671 2097 Nam
687 2052 713 2101 do·
730 2055 821 2099 oraculis
835 2055 871 2097 irre
881 2070 951 2115 gorius
960 2056 1055 2119 stipetur
1069 2053 1094 2115 est

225 2119 300 2176 erbis,
326 2132 350 2165 eor
367 2119 506 2179 Amphiarai
525 2116 581 2176 apud
601 2120 712 2174 Oropum:
735 2117 876 2175 Amphilochi
899 2120 958 2177 apud
987 2120 1094 2165 Mallum.-
1115 2168 1119 2178 ,

226 2183 372 2243 Sarpedonis,
392 2184 414 2227 in
428 2180 529 2227 Troade:
546 2180 676 2237 Trophonii,
697 2178 720 2222 in
736 2182 837 2224 Boeotr'a:
855 2181 943 2241 Mopsi,
961 2184 985 2226 io
1002 2185 1093 2228 cilicie:

226 2249 362 2299 Hermione,
378 2246 402 2290 ior
412 2244 553 2289 Macedonio:
571 2241 675 2302 Pofiphae
687 2242 709 2284 in
720 2245 823 2287 Laconica
833 2244 877 2293 ire.
895 2242 1010 2293 Lambin.
1043 2241 1096 2293 Vide

152 2324 155 2333 ·
227 2306 299 2370 Joan.
312 2303 409 2354 Meursri
421 2304 520 2353 Miscell.
533 2308 621 2350 Lacon.
638 2304 678 2352 lib.
687 2317 705 2350 ι.
722 2317 804 2365 cap.4.

261 2384 298 2428 54„
315 2371 445 2416 Somniandi
456 2366 673 2433 transmutabimur]
688 2367 785 2412 viderur
796 2365 841 2415 effe
853 2367 983 2429 legendum
998 2404 1007 2427 ,
1019 2373 1095 2416 inure-

227 2430 320 2478 lebam:
336 2444 385 2491 quo
397 2429 468 2477 verbo
480 2431 504 2478 δι
517 2427 640 2489 Virgilius,
656 2429 686 2474 de
696 2431 784 2475 Latino
794 2444 848 2492 rege
864 2432 988 2491 loquens,
1003 2435 1031 2481 in
1045 2446 1096 2480 ean·

228 2491 285 2542 dem
300 2492 439 2541 sententiam
455 2491 494 2538 lib.
506 2505 556 2541 vri.
572 2490 621 2536 usus
632 2490 683 2545 est,
704 2489 758 2539 ciem
775 2492 872 2553 inquit„-
894 2497 991 2541 Pellibus
1003 2499 1093 2545 incubuit

223 2556 300 2614 stratis
315 2557 438 2615 somnosque
449 2557 537 2616 persoir.
557 2556 582 2600 P.
599 2556 692 2601 Manui.
723 2557 851 2601 Somniandi
872 2557 936 2615 eausa
953 2560 1096 2617 recubam]

227 2617 326 2679 Recepit
338 2616 466 2665 Lambinus
479 2616 638 2673 coniebluram
650 2620 671 2662 P.
680 2617 783 2663 Manutii
794 2618 917 2663 incubabant
924 2635 933 2675 3
942 2622 1096 2671 nortbonam.

228 2679 291 2729 cetri
302 2693 385 2729 eontra
396 2677 447 2728 mss.
460 2679 552 2727 nostros
567 2675 613 2728 ser.
630 2691 686 2727 narn
699 2679 845 2727 excubabant
863 2680 876 2727 i
894 2679 973 2731 domo
991 2686 1032 2733 sua
1043 2684 1097 2734 forie

231 2742 256 2791 in
268 2741 316 2791 :ede
327 2742 396 2792 saera.
413 2741 569 2805 quamobrem
580 2743 604 2790 ὅ(
616 2743 702 2790 excubie
714 2744 797 2791 Plauto
814 2741 921 2791 dicuntur
935 2763 944 2800 3
961 2758 988 2793 ut
1007 2748 1097 2797 monuit

229 2806 380 2855 Gulielmius.
402 2810 490 2854 Gruter.
525 2806 653 2854 Somniandi
668 2808 738 2864 cauffo
758 2807 902 2864 iaculabere]
936 2813 1028 2858 Veram
1048 2824 1101 2874 puro

229 2869 304 2919 raulu
322 2871 423 2919 Manutii
438 2867 616 2924 coniecturam,
637 2867 678 2927 qui
694 2870 785 2928 reponit
800 2870 939 2926 recoloratam
955 2872 1014 2920 licet
1031 2872 1099 2936 Janue

233 2932 374 2981 Gulielmius
385 2934 505 2993 vulgatam
518 2932 644 2979 senionem
654 2929 783 2983 defendat,
799 2927 863 2992 quali
880 2934 953 2980 vellet
970 2934 1052 2986 noste,
1063 2949 1101 2985 eo,

232 2997 248 3046 ὲ
257 2995 333 3044 domo
343 2996 380 3042 sua
390 2995 449 3043 sons
459 2992 558 3050 cubuisse
564 3010 572 3051 3
588 3007 657 3047 nam,
673 3007 825 3054 preterquam
839 2994 905 3056 quod
920 3000 1043 3045 excubandi
1053 3014 1100 3047 ver-

232 3060 289 3108 bum
300 3056 390 3121 semper
404 3058 465 3119 apud
484 3059 625 3105 Ciceronem
640 3058 734 3116 vigilare
751 3058 847 3104 denotet
862 3090 869 3111 ‚
886 3059 990 3105 incubare
1003 3064 1100 3109 dicenter
1139 3082 1142 3091 ·

230 3129 312 3184 proprie
323 3125 348 3168 iri
358 3155 366 3175 ,
382 3126 422 3182 qui
434 3124 544 3167 dormiunt
552 3124 581 3167 od
591 3120 709 3179 accipienda
720 3119 825 3178 responsa,
840 3121 1051 3182 quemadmodum
1060 3126 1102 3173 do·
1138 3128 1142 3149 ¹

231 3183 470 3231 cerserviusadAEn.
484 3191 582 3238 ιιι,ις.
606 3181 712 3243 adeoque
726 3197 774 3229 vox
794 3182 826 3231 est
847 3184 890 3233 lrac
911 3187 937 3232 in
961 3201 988 3234 re
1005 3188 1100 3251 signate
1139 3200 1142 3231 ι

232 3245 328 3294 Plautus
339 3246 431 3294 Cuicul,
446 3247 498 3294 all.
507 3261 525 3293 ι.
544 3250 576 3292 Sc.
591 3260 607 3293 ι.
622 3255 658 3292 61.
676 3249 730 3292 Leno
747 3260 830 3309 egrotus
845 3248 930 3293 incubat
945 3252 971 3295 in
984 3252 1101 3313 υΕΙὲιιιφὸ
1140 3274 1142 3280 ·

231 3308 296 3368 fano.
326 3309 460 3357 ΕῐΑᾶΛι.
479 3314 599 3364 Selino.
618 3314 820 3370 Namqueincubare
832 3312 903 3370 fierint
920 3325 940 3359 te
953 3312 1099 3373 fueram,
1139 3302 1142 3365 l

236 3368 328 3420 Eodem
345 3372 419 3420 modo
430 3370 541 3429 'loquitur
558 3372 716 3419 Tertullianus
732 3374 761 3423 de
783 3374 872 3431 Anime
886 3389 939 3441 cap.
955 3386 998 3439 4⁸·
1025 3380 1061 3429 sie
1076 3380 1099 3427 de
1138 3380 1142 3437 l

231 3430 393 3498 &properea
407 3437 493 3496 Gratia
503 3434 628 3500 usurpatur.
644 3437 725 3505 Daris,
1137 3442 1141 3491 Ι
