2296 3908
203 62 307 186 2934·
382 105 444 171 De
473 102 671 175 Nneonn
698 106 891 175 Deorum

56 217 189 276 seciani.-
205 211 410 273 fimilitudinem
433 217 507 274 enim
531 216 609 275 ¹deo
637 217 748 294 propius
776 217 924 277 accedebat
948 215 1072 276 humanu

206 290 289 348 virtus
315 290 399 366 quim
425 291 519 368 figura.
605 304 624 317 ·'
817 357 821 368 „
1039 327 1043 334 ·

246 367 364 425 XXXV.
391 370 451 442 Au,
474 369 624 446 quidquam
644 369 826 444 tam‘puerile
843 369 901 428 dici
921 367 1008 444 potest
1029 368 1073 441 (ut

207 443 328 504 eundem
342 443 438 502 locum
455 445 552 504 diutius
568 448 692 522 urgeam)
711 445 796 521 quiin
813 446 831 503 sr
854 462 885 503 ea
908 462 1008 519 genera
1024 446 1075 502 be·

206 518 312 578 luorum
330 562 342 594 ,¹
359 538 422 597 quae
436 524 464 579 in
480 523 561 580 rubro
584 524 653 581 mari
679 523 792 580 Indiave
806 523 975 596 gignantur,
999 522 1074 579 nulla
1113 594 1114 599 ἵ

159 604 195 662 97
208 593 261 655 effe
283 597 405 655 dicamus
422 597 433 653 ἓ
453 598 540 675 Atqui
561 617 597 656 ne
618 599 786 658 curiosissimi
807 598 921 673 quidem
944 598 1074 655 homines

206 668 376 748 exquirendo
390 671 482 732 audire
497 688 553 732 tam
570 675 655 732 multa
679 672 788 750 possunt
815 673 900 749 quim
922 675 982 732 sunt
1003 673 1077 730 mul·

205 761 249 816 ta,
270 766 334 825 quae
350 763 418 807 terra
435 790 443 817 ,
463 751 555 819 mari,
582 750 744 826 paludibus,
765 751 921 816 fluminibus
937 748 1075 808 exsrzlunt.

206 841 271 898 quae
289 843 420 899 negemus
436 824 505 895 esse,
525 827 590 901 quia
604 834 758 902 numquam
774 827 901 884 vidimus.
930 825 987 900 Ipsa
1003 824 1074 882 vero

206 898 292 973 qu'am
308 901 374 959 nihil
383 900 416 959 ad
431 905 617 983 rem'pertinet
632 945 640 971 ‚
658 919 722 978 quae
736 921 786 961 vos
798 903 917 960 delcetat
932 899 1076 968 maxime,

205 975 376 1111 {militudoi
397 976 494 1054 Quid?
515 980 588 1039 canis
603 996 697 1038 nonne
712 977 802 1038 similis
816 977 904 1055 lupo?
924 989 1024 1054 atque,
1046 989 1078 1036 ut

232 1071 327 1120 nnius,

286 1130 367 1187 Simia
383 1130 465 1208 quium
474 1129 586 1211 fimm‘t
607 1131 747 1209 turpifflma
767 1130 844 1204 bestia
859 1172 868 1198 ‚
886 1128 977 1188 nobis?

207 1218 236 1262 at
253 1223 343 1265 mores
358 1208 385 1265 in
404 1221 522 1283 utroque
537 1208 659 1282 dispares.
686 1210 840 1284 Eleph'rnto
856 1207 1006 1264 belluarum
1016 1203 1081 1263 nul·

209 1282 236 1339 la
251 1283 417 1356 prudentior.
456 1299 482 1340 at
496 1283 581 1359 figura
595 1303 658 1359 quae
675 1283 791 1342 vastior?
813 1285 857 1341 De
873 1282 1081 1356 besliisloquorr

153 1356 202 1428 '98
251 1358 349 1431 Quid?
368 1361 439 1417 inter
452 1359 521 1434 ipsos
535 1361 662 1419 homines
675 1364 815 1431 nonne&
830 1359 969 1417 simillimis
981 1359 1080 1416 formis

62 1432 326 1546 {confini-dispares
343 1453 449 1502 mores,
470 1439 499 1494 &
515 1438 634 1494 moribus
655 1437 760 1512 ifigura
775 1432 923 1494 dissimilis?
944 1432 1080 1492 etenimsi

73 1496 123 1572 ‘²2⁹⁸
134 1496 168 1562 fig
208 1512 312 1578 semel,
332 1513 439 1579 Vellei,
459 1512 613 1586 suscipimus
628 1528 714 1586 genus
728 1515 783 1572 hoc
798 1511 968 1586 argumenti.
990 1524 1083 1568 atten-

62 1563 173 1673 ’ἴω
211 1588 317 1663 dequo
332 1589 424 1661 serpat.
466 1602 495 1644 ru
509 1588 584 1644 enirn
602 1588 808 1658 sumebamnisr
831 1591 859 1647 in
873 1588 994 1645 hominis
1009 1586 1081 1661 figu-

130 1672 133 1679 “
174 1659 181 1674 ’
213 1678 239 1722 m
257 1667 390 1728 rationem
407 1661 490 1720 inesse
504 1682 560 1720 non
583 1661 666 1739 posse.
704 1662 1080 1733 sumetalius,nisrinter·

214 1741 303 1799 tellri:
324 1739 371 1798 nisi
388 1741 414 1796 in
431 1757 484 1807 eo,
505 1741 550 1813 qui
567 1753 645 1798 nurus
659 1739 705 1801 fit:
726 1740 775 1799 nisi
790 1741 817 1796 in
835 1759 894 1809 eo,
922 1739 969 1812 qui
985 1739 1081 1796 adole·

212 1819 298 1874 verit:
320 1815 368 1875 nist
382 1819 409 1872 in
424 1834 477 1878 eo,
498 1816 546 1889 qui
561 1816 700 1893 didicerit:
720 1816 769 1877 nisi
783 1817 810 1875 in
827 1834 862 1875 eo
878 1857 887 1884 ,
907 1816 954 1890 qui
970 1831 1004 1871 ex
1020 1815 1081 1872 ani·

215 1910 264 1951 mo
280 1892 399 1952 constet.
421 1892 450 1948 &
464 1908 582 1965 corpore
596 1893 719 1960 caduco,
740 1895 769 1950 ὃ(
784 1890 895 1951 infirmo
910 1909 918 1948 t
938 1887 1080 1964 posltemd

214 1967 264 2027 uisi
276 1969 304 2024 in
319 1969 434 2024 homine
461 1980 543 2041 atque
568 1969 685 2025 mortali.
724 1968 813 2041 Qudd
826 1967 845 2025 fi
860 1969 888 2025 in
903 1966 1034 2024 omnibus
1041 1967 1088 2024 his·

170 2068 173 2077 ¹
214 2045 293 2103 rebus
307 2042 423 2110 obsistis,
443 2043 509 2119 quid
524 2041 579 2109 est,
600 2042 675 2119 quod
691 2056 719 2102 te
735 2063 788 2103 una
809 2043 898 2101 forma
918 2039 1081 2100 conturbet?

213 2119 255 2178 his
271 2123 344 2177 enim
362 2120 508 2188 omnibus,
531 2136 595 2195 quae
610 2120 754 2194 proposui.
775 2119 924 2193 adunisse,
943 2118 971 2174 in
987 2119 1082 2176 homi·

213 2213 252 2257 rte
272 2196 406 2260 tationem
437 2192 489 2257 elle
516 2197 545 2253 ὅ(
567 2209 691 2254 mentem
711 2196 828 2256 videbas.
869 2193 975 2270 Qurbus
991 2195 1082 2251 detra·

214 2270 281 2339 dis,
300 2271 382 2329 deum
399 2285 492 2328 tamen
507 2270 583 2329 nosse
598 2271 721 2341 redirit,
741 2271 829 2331 modo
844 2271 1011 2328 lineamenta
1022 2287 1082 2328 maa

212 2361 307 2482 ineant,
346 2348 412 2406 Hoc
427 2346 537 2406 estnon
553 2345 803 2419 confiderare,·sed
816 2346 891 2425 quasi
903 2344 1083 2422 sortiri,quid

224 2440 334 2481 ouare.

167 2500 222 2575 99'
241 2440 312 2558 ¹qufi
329 2498 399 2556 sorte
415 2516 451 2557 ne
465 2498 520 2559 hoc
535 2499 647 2574 quidem
663 2499 796 2579 attendis,
817 2518 874 2558 non
890 2495 978 2556 modo
991 2498 1020 2556 in
1029 2497 1084 2556 ho·

214 2577 308 2643 mine,
328 2574 373 2633 sed
394 2575 477 2632 etiam
499 2575 527 2631 in
549 2574 667 2644 arbore,
687 2576 820 2653 quidquid
848 2574 1082 2651 supervicaneum

127 2690 129 2695 ·
212 2652 262 2719 fit,
279 2651 422 2709 nutusum
440 2650 634 2716 nonhabeat,
656 2653 768 2711 obstare.
809 2651 907 2725 Quini
933 2649 1083 2709 molestum

213 2729 251 2787 est
266 2745 324 2789 utro
340 2727 426 2802 digito
440 2726 497 2800 plus
513 2726 611 2783 habere
627 2727 639 2783 ἔ
660 2729 726 2802 quid
746 2726 811 2786 ita?
830 2730 894 2802 quia
908 2737 1000 2783 40nec
1022 2725 1085 2800 spe·

214 2805 304 2875 ciem,
324 2821 377 2863 nec
394 2803 471 2866 usum
486 2801 569 2866 aliurn
590 2804 713 2886 quinque
734 2803 894 2870 desiderunt.
933 2802 1014 2863 Tuus
1035 2819 1085 2859 au·

1023 2886 1083 2943 tem

246 3136 285 3176 40.
302 3124 344 3166 Nec
352 3119 450 3178 speciem,
465 3133 502 3163 uec
512 3119 572 3176 ufitm
583 3120 653 3165 alium
663 3121 755 3182 quinque
770 3119 905 3177 desiderant]
935 3120 993 3166 Non
1006 3118 1086 3182 agitur

213 3180 253 3241 liic
262 3180 292 3229 de
303 3181 487 3245 pulchritudine,
504 3179 541 3228 sed
552 3181 582 3230 de
594 3183 633 3229 usn
644 3184 749 3244 quinque
760 3182 889 3246 digitorum
901 3183 924 3228 in
937 3194 1017 3228 manu.
1035 3185 1087 3229 Cur

214 3245 279 3291 enim
291 3244 390 3306 quisque
401 3257 482 3292 eorum
495 3242 621 3307 postularet
634 3247 707 3293 ulium
719 3243 803 3303 usum,¹
815 3258 855 3292 aut
871 3243 976 3306 sormam
992 3244 1088 3293 aliami

214 3304 316 3366 Qunslio
327 3321 419 3356 tanturn
431 3305 477 3361 est,
495 3323 524 3354 an
535 3307 611 3374 digito
622 3307 688 3356 sexto
698 3305 727 3355 fit
742 3306 819 3370 opud,
836 3306 884 3355 five
899 3303 952 3355 ossis
966 3302 1015 3353 five
1033 3305 1089 3368 pul·

215 3368 353 3417 chtirudluis
369 3370 444 3418 causi.
476 3373 546 3419 Forte
565 3371 650 3418 (liceto
671 3368 806 3435 scripsetett
822 3387 858 3419 neo
865 3370 951 3435 spicit,
969 3385 1005 3416 mc
1026 3369 1090 3434 usn.

208 3433 286 3497 ,asim
294 3436 389 3509 quinque
399 3434 525 3493 definieram.
555 3433 663 3489 doublet.

979 3461 1019 3554 Ι4ῑ.
1038 3499 1090 3543 Da·
