2296 3908
232 75 717 149 erraPrrrrrus·
839 87 924 169 3¹⁶5

45 186 167 247 enatum
180 183 252 245 labes
264 189 321 263 agri
335 188 515 257 Privernatis,
536 188 601 246 cbrn
616 187 651 246 ad
671 183 808 245 infinitam
824 188 918 248 altitu·
957 203 983 257 r,
1002 202 1033 266 1,

45 263 137 323 linem
152 272 222 320 terra
236 261 392 335 desedisset,
412 265 571 342 Apuliaque
585 264 711 322 maximis
733 275 815 320 terrae
831 267 918 323 moti·

45 340 92 397 'aus
106 335 285 414 conquassata
307 338 380 400 esset.
395 384 404 407 ,
418 342 516 417 quibus
537 341 668 416 portentis
691 356 790 413 magna
811 341 916 414 populo

45 416 176 477 Romano
198 415 266 473 bella
282 417 497 493 perniciosaeque
522 417 668 476 seditiones
676 415 917 475 denuntiabantur.

45 491 133 625 igrqtffi
149 492 190 549 bis
212 495 341 628 omnibgrs
369 494 492 570 responsa
519 494 690 570 haruspicum
710 508 777 550 cum
805 490 917 567 Sibyllae

63 584 115 625 err
134 584 165 624 us
179 585 234 627 con
254 586 302 628 rue
321 584 378 630 ant.

81 643 179 718 Quid,
200 585 264 703 εὔξῃ
281 647 378 707 Cumis
393 646 498 724 Apollo
512 645 640 716 sudavit,
655 646 760 720 Capuae
775 641 917 703 Vidloria?
926 648 965 726 98

62 719 112 777 uid
133 733 208 787 ortus
230 722 413 799 androgyni?
446 742 542 783 nonne
566 724 646 781 rarale
666 722 808 799 quoddam
834 737 918 779 mon·

98 813 127 853 m
141 795 213 855 suit?
233 799 317 874 quid,
336 800 414 876 qubd
428 799 525 858 fluuius
539 812 638 859 artatus
653 801 782 873 sanguine
805 796 882 855 fluxit
898 796 912 855 ἓ

45 872 136 947 quid,
164 871 227 932 cirrn
252 873 322 949 saepe
342 877 488 952 lapidum,
521 876 655 949 sanguinis
682 892 916 946 nonnumquam,

45 957 126 1005 terra:
139 949 297 1020 interdum,
316 954 459 1027 quondam
473 954 556 1011 etiam
571 951 645 1008 laetis
660 951 747 1009 imber
763 949 913 1009 *effluxiti
924 973 941 1006 x
956 955 1056 1011 defluxit

45 1022 128 1097 quid,
151 1023 215 1083 ciam
229 1028 258 1085 in
275 1031 413 1103 Capitolio
427 1029 496 1088 icius
513 1041 656 1085 centaurus
671 1027 686 1084 ὲ
708 1026 779 1084 caelo
800 1024 866 1083 est?
886 1022 978 1085 indii,

45 1100 192 1160 Aventino
207 1115 313 1177 portae,
334 1107 363 1164 δε
378 1103 527 1165 homines?
548 1115 572 1156 55
583 1103 697 1165 Tusculi
712 1103 784 1161 aedes
800 1101 919 1162 Castoris

49 1174 79 1259 dr
95 1175 230 1246 Pollucis,
251 1182 409 1257 Rornaeque
424 1177 553 1240 Pietatis?
572 1197 668 1237 nonne
685 1181 715 1237 br
728 1179 878 1253 haruspices
887 1195 920 1236 ea

45 1249 264 1327 responderunt,
284 1270 348 1332 quae
362 1267 539 1324 evenerunt,
560 1257 589 1314 δι
603 1256 633 1313 in
647 1254 756 1330 Sibyllae
776 1255 847 1315 libris
864 1271 921 1313 eae·
958 1308 961 1314 .

45 1324 112 1395 dem
128 1343 242 1403 repertae
257 1332 449 1406 praedidiones
469 1329 549 1390 sunt?

46 1476 53 1489 Ι
81 1403 193 1463 XLIV.
215 1407 434 1481 5⁶Quotrrs
455 1406 559 1467 senat-us
583 1406 756 1465 decemviros
785 1405 820 1464 ad
835 1405 917 1468 libros
929 1430 966 1488 99

45 1479 345 1615 Εῐὲιὲίῑίιέζῃζςυαὲςίερ
355 1484 391 1617 iq
399 1483 476 1617 reblus
492 1525 500 1551 ,
534 1500 683 1617 quslmques
694 1481 765 1568 saepe
787 1481 916 1615 respoqgr
926 1503 951 1598 {n
952 1501 1058 1616 31an

45 1575 172 1721 Maisan
187 1561 1004 1710 nugas,¹,t,'„p1,ff,}¹fflQsfflssffjufffffingo'spffssoelunt·
1059 1587 1068 1604 ο

45 1706 184 1767 stitutum.
220 1711 298 1795 quod
316 1711 429 1789 quidem
452 1711 589 1770 sommum
612 1709 721 1769 Srscnna
744 1709 808 1767 ciam
831 1709 921 1784 drspu·

45 1781 155 1843 raviller
173 1785 289 1845 mirifice
301 1790 336 1847 ad
350 1788 464 1845 verbum
493 1804 556 1844 cum
581 1804 609 1844 re
624 1782 801 1854 convenisse,
817 1796 927 1848 vtum

45 1858 213 1931 insolenter,
233 1862 317 1937 credo
335 1865 369 1922 ab
391 1864 528 1939 Epicureo
544 1862 635 1938 aliquo
656 1862 783 1921 indudius
798 1905 816 1931 ‚.
827 1862 917 1937 dispu-

45 1946 104 2005 rat,
125 1934 239 1996 somniis
252 1939 326 1998 credi
339 1958 398 1999 non
413 1953 551 2015 oportere.
591 1941 668 1996 ldem
691 1951 787 1997 contra
809 1938 916 1999 ostenta

45 2010 117 2071 nibil
129 2011 245 2089 disputat
271 2018 440 2091 exponitque
463 2016 543 2075 initio
559 2014 620 2072 belli
638 2015 746 2073 Marsici
760 2013 917 2075 &deorum

45 2084 190 2147 simulacra
205 2088 351 2161 sudavisse,
371 2094 401 2150 &
418 2094 576 2166 sanguinem
591 2086 712 2159 fluxisse,
732 2088 918 2148 &discessisse

45 2163 167 2225 caelum:
188 2167 218 2224 &
233 2184 267 2225 ex
281 2168 392 2227 occulto
407 2168 510 2227 auditas
523 2165 577 2225 effe
590 2183 692 2237 voces,
710 2182 774 2242 quae
796 2166 917 2299 Perfflpa·

81 2415 118 2459 55.
136 2402 224 2459 Tusculi
234 2405 284 2451 eder
296 2403 384 2454 (aseris
394 2404 420 2455 ὰ
433 2403 545 2461 Pasieria]
573 2403 634 2463 Quia
651 2401 774 2452 Tusculani
790 2401 916 2454 Castorem

46 2465 74 2513 δι
86 2464 207 2512 Pollucem
219 2468 242 2512 in
254 2467 334 2529 primis
344 2466 468 2519 colebant,
488 2471 513 2514 ir.
528 2467 617 2514 Servius
629 2466 739 2529 Sulpicius
749 2466 825 2515 Rufus
836 2465 865 2513 ad
876 2480 916 2515 ce·

45 2526 187 2577 sebrandum
198 2532 275 2591 gentis
285 2529 341 2582 iun,
356 2544 407 2591 quae
417 2526 540 2577 obbdione
548 2529 674 2577 Tusculum
683 2542 815 2584 exemerat,
826 2527 919 2579 fastum

46 2590 199 2653 preclarum,
215 2590 240 2639 in
250 2605 296 2639 una
308 2604 373 2653 parre
383 2593 444 2640 aurei
456 2592 560 2646 nummi,
575 2588 701 2640 Tusculum
714 2590 803 2655 ipsum,
819 2592 844 2639 in
856 2592 917 2641 alte·

46 2664 92 2709 ra,
104 2650 172 2716 signa
183 2651 286 2701 Castoris
298 2656 322 2702 δι
335 2655 434 2702 Pollucis
448 2654 534 2715 pilenta
544 2652 664 2715 impressit.
696 2656 769 2712 vrfin.

78 2722 118 2771 56.
137 2717 227 2771 Quoties
238 2717 324 2776 senatur
335 2719 463 2763 decemviros
476 2718 531 2774 oen]
548 2722 602 2763 llaec
613 2718 696 2763 iterata
713 2716 780 2775 (narn
793 2717 817 2763 dr
834 2714 873 2762 hic
888 2716 916 2765 dc

45 2778 131 2841 paullo
145 2788 201 2827 ante
216 2776 292 2841 pofita
309 2774 372 2839 sunt)
389 2780 447 2827 mibi
469 2778 550 2827 mendi
576 2778 729 2840 suspicionem
752 2789 917 2827 commovent.

48 2842 150 2897 Lamia.
183 2842 274 2902 Quies
285 2842 370 2902 senatus
382 2861 494 2876 -—·-
502 2844 597 2902 peruia]
617 2839 714 2888 Omisfis
731 2840 835 2900 quinque
850 2841 919 2887 voci·

46 2898 102 2959 hle,
122 2905 173 2949 MS.
190 2905 277 2965 Regius
289 2903 347 2962 dat,
362 2909 444 2968 quaties
453 2905 558 2964 senatus,
579 2906 703 2964 quamtum
720 2905 793 2956 rabat,
810 2916 918 2964 quamque

45 2964 94 3029 sape
112 2962 210 3026 resprrnsss
224 2965 357 3029 haruspicum
364 2970 445 3029 paruit.
476 2972 507 3014 Ar
521 2981 551 3014 ne
562 2966 606 3015 hac
616 2962 712 3028 quidem
723 2964 815 3013 ratione
825 2963 919 3014 sanatur

48 3028 154 3081 virium,
174 3029 239 3089 quod
255 3029 334 3079 intulit
355 3030 513 3079 librariorum
533 3027 687 3093 negligentia.
718 3026 927 3085 Reverahorunt,

46 3090 174 3140 verborum
186 3092 319 3152 parr'errllar
331 3092 395 3165 supra
407 3107 449 3154 cap
464 3108 503 3149 4³·
520 3091 586 3154 isque
600 3095 665 3138 locus
677 3087 710 3136 est
721 3091 796 3145 solus,
815 3091 852 3137 cui
866 3090 930 3140 tottr'

45 3148 107 3210 diere
121 3154 307 3209 contenit5hic
326 3169 391 3204 curm
412 3156 548 3217 importuna
570 3153 660 3218 prorsus
680 3151 713 3200 est
730 3155 754 3200 br
777 3153 919 3216 incongrua.

45 3218 145 3282 Quaprn
163 3229 198 3264 rer
208 3231 261 3264 eam
272 3214 363 3266 uncinis
382 3217 516 3274 cinximus,
540 3219 565 3266 δι
588 3217 654 3280 quod
668 3213 701 3263 ibi
715 3214 817 3271 deerat,
834 3215 889 3264 bine
903 3217 920 3266 ὲ

45 3230 322 3329 amnestiansratum.
354 3281 435 3340 Danas

77 3356 118 3400 sa·
136 3346 193 3388 Tum
206 3343 335 3402 insolutae]
353 3341 491 3408 tegendum
504 3355 592 3399 tamen,
605 3355 650 3407 pro
661 3353 727 3401 rum,
743 3353 768 3393 ut
780 3338 851 3391 babet
860 3338 920 3391 libet

45 3401 227 3470 manuscriptus,
255 3405 331 3464 vrfin.

222 3482 226 3493 ·
818 3473 855 3523 58.
872 3463 921 3525 Post
