2296 3908
163 118 407 191 ,li-ruta
447 114 743 183 Tanarus.
843 130 926 202 3097

45 224 127 296 rum}
146 238 194 287 me
233 221 337 282 alitio
350 219 445 296 culpat
463 216 501 277 stc
514 219 603 279 restra
615 219 663 279 iila
684 221 857 295 providentia
875 241 921 283 re-

45 300 205 381 prebendeu
225 316 259 368 a,
277 313 343 375 quae
356 297 495 355 tationem
510 295 617 356 dederit
629 297 680 367 iis,
698 315 770 433 {uos
782 298 870 359 scierit
884 317 918 359 ea

45 376 171 456 perverse
210 377 242 435 ὃς
269 371 397 450 improbe
415 370 519 431 usuros.
558 371 619 432 Nisi
647 375 704 433 sort
743 375 833 435 dicitis
854 392 917 435 eam

45 452 165 517 uestiffe.
183 454 301 513 Utinam
316 448 444 527 quidem!
470 449 523 510 Sed
536 466 597 539 non
608 448 751 511 audebitis.
768 469 828 511 nou
842 453 938 532 enim,
952 495 1042 537 ,um

45 534 166 613 ignoro,
185 530 282 608 quanti
295 528 354 602 ejus
368 538 495 587 ¹nomen
508 538 618 603 putetis.
924 548 1009 606 nmis.

81 608 190 669 XXXI.
210 607 269 665 Suo
289 603 478 680 sicquidem
497 603 577 663 locus
595 604 726 665 concludi
741 607 801 683 jam
822 604 965 689 potest.79

45 685 126 749 uam
146 684 168 745 sa
187 682 323 753 stultitia,
354 679 487 741 consensu
516 682 647 740 omnium
673 682 921 758 philosophorum,

46 756 140 839 majus
154 759 193 820 est
207 758 332 828 malurn,
351 756 438 834 quam
458 756 479 816 li
492 759 590 817 omnia
603 758 675 817 mala
689 760 720 818 δι
745 761 867 818 formnae
893 760 925 818 Sc

45 838 173 915 corporis
186 853 222 896 ex
235 835 319 893 altera
332 846 407 910 parte
422 846 577 909 ponantur:
597 834 755 911 sapientiam
771 848 865 893 autern
874 853 928 894 ne·

46 910 278 991 ino-affequimr:
298 913 328 969 in
341 908 455 969 summis
469 911 547 969 malis
566 927 667 971 omnes
688 912 789 971 sumus.
826 912 924 987 quibus

46 1008 102 1051 vos
114 986 225 1067 optime
238 985 393 1047 consultum
406 986 423 1045 ‘a
436 987 488 1047 diis
500 988 700 1047 immortalibus
713 987 808 1048 dicitis.
847 991 924 1047 Nam

48 1078 83 1129 ut
95 1063 311 1136 arbitrantes,
330 1063 423 1123 utrum
444 1080 533 1123 nemo
554 1065 666 1134 valeat,
686 1082 721 1124 an
736 1084 824 1125 nemo
843 1065 925 1140 poffit

49 1143 144 1203 valere
160 1160 174 1202 a·
190 1140 227 1201 sic
240 1158 298 1201 nott
312 1140 452 1225 intelligo,
472 1139 539 1216 quid
553 1140 672 1211 interfit,
691 1141 783 1203 utrium
797 1141 1072 1210 nemosrtr.1.xxt1.

50 1220 181 1297 sapiens,
201 1235 237 1276 an
256 1234 344 1276 nemo
367 1216 421 1276 efle
441 1217 532 1293 possit.
569 1217 614 1275 Ac
634 1235 687 1277 nos
705 1220 820 1294 quidem
842 1220 924 1277 nimis

51 1296 141 1357 multa
154 1294 190 1355 de
204 1310 233 1353 re
253 1293 426 1369 apertiffima.
467 1292 624 1352 ¹⁶5selamo
645 1306 739 1352 autem
760 1314 819 1354 uno
846 1295 924 1354 versu

52 1373 258 1439 lommttotum
274 1368 406 1438 conficit,
425 1369 495 1426 bcut
509 1368 547 1427 dii
560 1369 691 1428 homines
701 1372 855 1447 negligant:
931 1347 1040 1462 {iffim

134 1456 161 1503 ¹7
172 1456 246 1525 Nam
253 1442 280 1521 fi
295 1463 402 1579 seirent,
421 1444 483 1504 beni
496 1444 568 1503 bonis
581 1442 729 1525 ‘stheneli
743 1447 841 1506 malias
855 1449 945 1526 quod,
955 1477 986 1536 fi,
994 1434 1075 1535 ΕΜ

167 1564 172 1569 -
194 1538 282 1581 ”bum
295 1543 342 1579 ae
364 1566 371 1581 .

95 1598 243 1659 Debebant
256 1598 295 1656 illi
308 1522 423 1674 qulildem
437 1616 537 1657 omnes
544 1597 635 1658 bonos
649 1599 926 1677 efficere,s1quidem
937 1599 975 1660 80

59 1676 211 1739 bominum
226 1677 320 1751 generi
335 1675 521 1735 consulebant.
550 1674 596 1732 Sin
612 1675 640 1734 id
655 1676 761 1735 minias:
782 1679 861 1737 bonis
868 1679 929 1754 qui-

60 1756 128 1817 dem
143 1752 217 1811 certe
231 1751 372 1810 consulere
386 1750 529 1810 debebant.
571 1751 629 1809 Cur
642 1752 807 1827 igiturdduo
822 1754 952 1830 Scipio-d
968 1761 1029 1815 dnos

56 1826 126 1901 nes',
147 1826 308 1889 fortiffimos
327 1830 357 1887 bc
377 1830 500 1904 optimos
523 1827 598 1886 uiros
613 1871 622 1897 ,
640 1828 670 1887 in
684 1829 740 1888 His
754 1833 815 1889 ania
827 1827 990 1889 Poenusatii·

56 1904 210 1985 oppteflit?
230 1905 289 1962 Cur
302 1904 444 1963 Maximus
458 1903 555 1964 extulit
568 1903 655 1965 filium
670 1849 840 1966 consularem
850 1906 862 1964 ἓ
872 1907 930 1965 Cur

56 1982 226 2045 Marcellum
236 1980 355 2039 Annibal
367 1979 528 2040 interemit?
549 1980 606 2038 Cur
619 1981 743 2041 Paullum
758 1985 865 2043 Cannae
881 1984 934 2043 sus·

57 2056 213 2121 tulerunt?
234 2057 291 2115 Cur
304 2057 456 2115 Poenotum
480 2057 633 2115 crudelitati
654 2060 755 2134 Reguli
775 2076 873 2134 corpus
893 2060 932 2118 est

56 2130 250 2213 ‘ptaebitumi
272 2133 330 2190 Cur
343 2134 507 2192 Africanum
522 2133 667 2191 domestici
680 2136 794 2209 parietes
808 2153 869 2194 non
889 2140 953 2193 te·⁰
967 2126 1081 2180 “iditum

58 2208 191 2275 uerunt?
218 2209 272 2267 Sed
285 2211 348 2267 haec
361 2221 453 2267 vetera
471 2251 480 2279 ,
500 2210 529 2267 Se
550 2210 600 2267 alia
619 2212 762 2284 permulta.
801 2211 929 2287 propiora
939 2193 992 2238 MS·

59 2288 216 2347 videamus.
256 2285 314 2342 Cur
340 2286 490 2344 avunculus
504 2303 606 2355 meus,
634 2288 675 2344 vir
694 2287 931 2347 innocentissimus

59 2364 196 2440 idemque
211 2360 396 2430 dosiiffimus,
416 2362 446 2420 P.
460 2361 578 2431 Rutilius
590 2363 619 2420 in
633 2363 727 2422 exsilio
743 2363 800 2423 eil?
821 2381 870 2423 cur
888 2364 932 2422 so-

61 2440 130 2499 dalis
143 2455 223 2497 meus
235 2437 394 2497 interfectus
409 2437 488 2497 domi
501 2438 557 2496 suae
572 2480 580 2506 ,
606 2438 707 2498 Drusus
723 2439 736 2498 ?
762 2458 809 2498 cur
823 2453 933 2514 tempe·

60 2518 160 2577 rannae
188 2514 396 2589 prudentiaeque
412 2514 574 2590 specimen,
595 2527 659 2574 ante
676 2516 850 2575 simulacrum
871 2518 932 2577 Ve-

62 2592 132 2665 stae,
155 2591 182 2634 ¹⁸
190 2592 318 2667 pontifex
339 2591 474 2650 maximus
495 2591 533 2650 est
547 2593 585 2667 Q.
599 2591 742 2653 fScaevola
755 2592 903 2654 trucidatus
917 2582 1068 2655 if⁵⁰²'¹¹¹²

885 2688 935 2731 cut
945 2649 1023 2707 m*

101 2829 139 2871 ιε.
160 2822 282 2882 πίωσι]
312 2822 398 2869 Telamo
415 2820 485 2870 babet
496 2821 597 2871 vetustus
608 2822 680 2880 libet,
696 2821 939 2935 antiauommqueest
1045 2804 1048 2811 ¹

68 2896 99 2932 ea
112 2885 253 2935 Latinorum
263 2885 418 2942 terminatio,
435 2896 461 2933 ut
473 2890 637 2951 Agamemno.
669 2884 745 2935 viden
764 2901 790 2935 us
799 2885 941 2948 Quiubtilia-

68 2960 143 3065 nain.
155 2949 243 3071 mſs
252 3025 322 3059 curma
330 3011 388 3070 bn]
402 3014 467 3059 Inter
484 3023 545 3060 retes
556 3025 606 3060 non
618 3022 805 3071 annotaverunt,
821 3012 940 3063 undever-

68 3070 108 3123 sus
119 3072 145 3120 bi
154 3070 241 3122 fuerim
251 3073 360 3123 desumti.
381 3076 453 3123 Ennii
465 3025 530 3130 Kane,
548 3075 588 3138 qui
598 3076 623 3123 in
633 3075 778 3138 Tragoedia,
795 3092 846 3140 quae
857 3076 940 3128 dicitur

71 3134 195 3193 Telamo,
209 3133 301 3200 posuit,
312 3150 339 3185 nt
350 3136 419 3187 habet
430 3138 516 3186 Cicero
526 3136 557 3186 de
567 3138 622 3188 Div.
633 3137 714 3188 libri.
731 3153 782 3205 cap.
792 3157 830 3197 50·

207 3220 251 3278 Ego
264 3212 328 3264 decim
337 3233 402 3278 genus
412 3216 449 3276 effe
456 3217 537 3280 semper
547 3220 610 3277 dixi,
627 3219 653 3269 (a
663 3218 734 3265 dicam
745 3221 854 3276 caelitum

67 3342 86 3389 B
105 3336 146 3388 uh·
208 3280 252 3327 Sed
266 3297 299 3327 ers
314 3297 354 3326 nen
369 3296 442 3355 captare
458 3284 531 3343 opinor
545 3283 600 3346 quid
616 3293 667 3345 aget
676 3284 793 3330 humanum
804 3298 877 3346 genus.

88 3352 105 3387 0
139 3350 180 3388 let.

101 3410 140 3452 ra.
158 3403 261 3463 Pontifex
275 3421 334 3454 max.
351 3405 380 3463 est
393 3407 426 3472 Q
444 3408 539 3454 scevola
553 3409 696 3467 trucidatae]
743 3406 841 3459 videtur
851 3406 944 3457 auribus

63 3463 216 3529 jomim,
238 3467 305 3535 quod
315 3479 379 3519 extat
391 3468 417 3518 in
427 3471 537 3522 ialten.
552 3483 610 3536 pont.
626 3488 686 3527 max.
696 3470 947 3585 QScaevotatrucigar:
1019 3502 1022 3509 ·
