2296 3908
238 112 322 195 3278
537 109 573 179 D
591 128 629 178 t·
654 94 771 185 F-n-‚r'
794 122 818 176 o
1026 212 1030 217 ¹

228 219 268 285 ⁴sa
281 236 346 286 veta
360 225 398 287 esi
412 221 476 287 hae
490 224 645 285 enuntiatio
660 224 789 300 ,*Capiet
809 223 999 286 Numantiam
1016 224 1101 303 stipid

238 300 333 362 Potest
349 304 432 381 igitur
455 301 606 379 quidquam
619 301 725 360 fastum
745 297 823 369 else,
844 300 926 377 quod
940 319 1002 362 non
1018 319 1101 364 vetuo

171 410 174 419 ·
240 377 325 438 suo'tit
338 379 468 438 futurum
477 375 539 437 elle.
556 374 561 387 '
575 390 641 436 nam
655 390 687 435 ut
699 378 836 453 ptaeterita
849 394 885 436 ea
905 395 973 438 veta
987 379 1103 451 dicimus,

242 467 365 528 quotum
378 454 515 530 superiore
528 466 655 588 temipore
670 452 698 507 5⁶
707 469 771 512 vera
786 453 891 513 suerint
903 450 1035 515 instatitia
1051 477 1060 516 a
1076 458 1102 516 srt

232 530 362 601 sutura,
381 548 503 608 quotum
524 547 579 590 con
591 531 704 607 equenti
723 539 853 604 tqmpore
880 542 951 590 teta
972 547 1055 593 erunt
1071 535 1103 594 im

244 600 364 678 stantia,
383 624 416 666 ea
431 623 496 665 vera
508 606 640 665 dicemus.

129 738 134 755 ‚
195 688 233 751 28
281 683 479 742 Necfiomne
491 683 664 742 enuntiatum
679 692 726 739 aut
738 698 856 754 vetum,
875 693 926 742 aut
939 683 1042 744 falsum
1058 686 1100 756 est,

241 756 361 834 sequitur
374 758 448 818 illico
461 756 514 817 else
528 758 618 818 causas
629 757 833 830 immutabiles,
852 776 960 837 easque
984 774 1100 832 metuas,

240 850 305 968 {uae
319 836 482 911 prohibeant
496 835 647 912 quidquam
660 835 734 894 secus
748 835 863 907 cadere,
882 849 972 914 atque
993 839 1101 898 casurum

263 922 283 969 t.
319 912 442 971 sottuitae
456 911 515 970 sunt
530 912 634 979 causae,
651 928 716 988 quae
731 911 869 983 efficiant,
888 924 923 971 ut
937 913 1008 974 vete
1022 916 1100 976 dican·

90 984 102 1007 '
143 1040 148 1048 ,
240 996 303 1056 tur,
321 1005 386 1064 quae
399 990 436 1046 ita
450 988 592 1058 dicentur,
611 988 716 1046 Veniet
737 987 810 1047 Cato
831 990 862 1048 in
880 989 1012 1050 senatum
1028 1030 1037 1062 ,
1054 1010 1100 1052 non

242 1062 354 1122 inclusae
368 1065 397 1122 in
412 1081 503 1122 retum
527 1077 629 1145 natura¹
648 1078 731 1141 atque
745 1064 864 1123 mundo.
888 1065 928 1127 Et
944 1081 1042 1128 tamen
1054 1082 1100 1128 tam

177 1153 181 1160 ·
244 1137 282 1196 etr
297 1139 467 1198 immutabile
481 1153 628 1199 venturum
645 1182 653 1210 ,
673 1141 738 1198 cum
758 1142 796 1200 est
815 1158 941 1209 tenuram
985 1143 1051 1204 uam
1063 1160 1101 1204 ve

241 1210 331 1273 nisse:
350 1233 404 1274 nec
418 1216 457 1275 ob
477 1234 539 1274 eam
558 1217 666 1276 causam
687 1218 799 1288 satum,
818 1229 866 1277 aut
886 1235 962 1278 nece
994 1233 1034 1281 tas
1046 1221 1101 1281 etti·

96 1290 388 1351 stemnmelcen'da
401 1291 447 1352 est.
485 1293 611 1352 Etenim
628 1295 679 1352 erit
691 1291 818 1352 confiteri
831 1292 963 1367 necesse,
985 1308 1014 1352 57
1025 1298 1099 1357 filas
1117 1350 1120 1359 .

145 1392 150 1404 1
243 1368 415 1439 enuntiatio,
434 1369 538 1429 Veniet
551 1370 581 1429 in
595 1369 783 1430 Tusculanum
798 1370 992 1443 Hortenfius,
1014 1373 1098 1434 5⁸veri

189 1444 192 1453 “
242 1458 302 1502 non
316 1442 369 1515 est,
388 1443 506 1523 sequitur
519 1458 550 1504 ut
564 1445 626 1505 falsa
639 1446 679 1504 stt.
715 1462 834 1521 quorum
846 1445 891 1506 illi
904 1462 1041 1510 neutrum
1057 1467 1098 1509 to·

240 1518 309 1579 lunt.
347 1523 424 1598 quod
444 1521 502 1582 fieri
521 1540 579 1581 non
606 1522 705 1598 potest.
740 1540 794 1580 nec
822 1540 875 1582 nos
901 1525 1043 1602 impediet
1064 1527 1098 1588 illa

240 1597 342 1672 ignava
353 1599 447 1669 ratio,
465 1615 530 1677 quae
544 1598 650 1659 dicitur.
687 1598 834 1675 appellatur
854 1600 935 1661 enim
958 1603 1098 1682 quidaml

1043 1680 1098 1776 :pli

210 1929 213 1935 .
231 1875 281 1932 quo
291 1871 316 1920 in
328 1864 374 1922 ras.
386 1869 429 1922 sec.
441 1887 493 1919 vcra
504 1865 563 1934 offis,
577 1865 602 1922 in
614 1868 674 1922 Pitb.
685 1888 739 1920 vera
749 1863 793 1932 effe.
815 1871 951 1923 Lambinus
965 1865 1054 1925 deinde
1066 1866 1097 1926 se·

230 1935 278 1996 git,
295 1938 351 1996 Cepit
363 1937 519 1982 Numantiam.-
536 1934 573 1984 sed
584 1933 615 1983 fic
627 1936 693 1983 nulla
703 1935 789 1991 editio,
806 1929 873 1984 nulla
884 1935 974 2000 scripti.
991 1943 1076 1988 Gruter.

266 2004 302 2051 5⁶·
322 2002 374 2044 Vera
379 1995 464 2058 fuerint
474 1997 592 2056 instantia:
603 1998 635 2056 fic
648 1999 745 2056 futura,
761 2014 850 2060 quarum
864 2002 1004 2065 consequenti
1018 2012 1097 2064 tempere

231 2075 286 2105 nera
296 2073 357 2107 erum
367 2061 488 2121 instantio]
502 2062 525 2111 si
538 2059 566 2109 sit
577 2061 601 2109 in
612 2060 675 2110 bisce
685 2060 815 2109 commoda
824 2061 951 2124 advineae,
967 2066 1029 2114 nihil
1039 2066 1098 2128 equi·

231 2119 289 2171 dem
299 2135 416 2173 mutatum
429 2123 510 2172 velim.
542 2129 634 2174 Interea
649 2138 704 2172 veto
720 2124 778 2172 mibi
794 2122 831 2172 fas
847 2120 877 2172 iit
892 2140 950 2176 cum
961 2134 1023 2178 ven.
1037 2142 1096 2189 ηπ.

230 2199 358 2249 reponere,
373 2202 426 2234 vera
437 2186 509 2247 fuerit
518 2186 620 2247 instantia
633 2189 684 2247 sfic
696 2186 789 2244 futura,
804 2203 895 2246 querum
904 2190 1097 2255 consequendas,

231 2259 257 2296 ut
268 2248 317 2299 nul.
331 2247 423 2305 noster,
435 2250 580 2310 subsequenti)
595 2263 683 2314 tempore
694 2267 747 2296 vara
758 2250 800 2298 erit
810 2249 932 2309 instantia,
966 2273 991 2300 ea
1002 2272 1054 2304 vera
1065 2256 1098 2301 di·

230 2327 309 2360 semus.
342 2312 446 2370 sustantia
460 2312 522 2360 milri
532 2313 633 2362 -sidetut
648 2326 738 2361 nomen
757 2310 947 2370 substantivum,
965 2319 1031 2380 quod
1048 2330 1098 2380 pto·

226 2372 388 2484 dpinquitatem
400 2375 439 2422 vel
454 2374 629 2425 imminentiam
643 2374 750 2424 denotat.
781 2375 817 2422 sic
834 2389 897 2425 certe
911 2377 965 2426 usus
981 2381 1016 2430 est
1034 2381 1097 2445 Nigi-

244 2436 279 2484 ius
291 2434 352 2498 apud
367 2437 487 2499 Agellium
499 2437 583 2488 lib.1rt.
598 2453 650 2502 cap.
662 2455 697 2488 12.
731 2438 811 2496 David

259 2513 296 2554 57.
312 2501 536 2557 salutaminis,
550 2505 656 2548 venierint
672 2501 814 2562 Tusculanum
832 2502 977 2562 Hortenfius,
992 2522 1046 2552 vera
1059 2521 1094 2550 non

230 2560 276 2620 ast,
292 2577 368 2608 varam
383 2579 424 2608 non
442 2562 479 2623 ff
494 2566 518 2609 in
533 2565 674 2625 Tusculanum
689 2578 804 2610 venturum
819 2565 957 2623 Hortenfium
968 2586 977 2624 3
989 2570 1010 2626 fi
1024 2584 1094 2616 vnum

229 2640 272 2672 aon
282 2624 448 2686 essentium]
464 2624 499 2674 Sic
510 2624 673 2682 hunclocum,
690 2628 729 2688 qni
746 2628 771 2674 in
787 2625 898 2674 omnibus
915 2628 984 2678 libris
999 2631 1094 2696 vulgatis

227 2699 278 2736 etat
288 2687 350 2734 lacer
362 2690 386 2736 dt
399 2687 507 2745 mutilus,
523 2690 608 2752 partim
620 2705 666 2754 ope
678 2704 782 2738 veterum
793 2688 925 2748 Codicum,
933 2696 1031 2757 ,pantini
1042 2709 1094 2742 con·

227 2749 316 2814 jesiuta
332 2750 501 2816 redintegrati,
516 2765 542 2798 ac
552 2752 636 2802 tesarsi.
670 2757 768 2800 lambda.

260 2821 297 2869 58.
316 2812 498 2871 t'eramnonest,
515 2815 614 2876 ftqua'tur
629 2829 652 2862 ut
664 2817 746 2876 fassum
757 2815 806 2872 fin]
835 2816 905 2863 Haud
920 2818 990 2867 aliter
1007 2818 1093 2870 Aldus.

228 2874 364 2931 Turnebus,
382 2877 512 2932 Vislorius,
527 2875 652 2940 firmatque
665 2881 711 2927 tal.
725 2876 768 2926 sec.
785 2892 862 2940 neque
874 2880 961 2929 abeunt
974 2881 1015 2929 alii
1027 2880 1093 2929 nostri

229 2940 305 2998 quam
317 2937 382 3002 quod
393 2940 408 2987 ii
418 2956 470 2986 vera
482 2974 489 2995 ,
508 2939 566 2989 itern
573 2940 642 3000 falsa.
657 2955 682 2988 at
694 2941 820 2989 Lambinus
837 2942 963 3005 ingentem
975 2942 1093 2992 verbosum

230 3004 324 3052 molem
336 3001 383 3050 iilis
393 3001 556 3058 intermiscuit,
571 3005 726 3066 proculdubio
736 3016 814 3052 totam
826 3000 855 3051 de
865 3005 924 3060 liro,
942 3005 998 3055 licet
1009 3021 1094 3070 panem
1140 3016 1142 3051 r

233 3067 351 3113 admittat.
368 3069 455 3116 Gruter.
490 3071 542 3113 Vera
553 3084 593 3113 nan
603 3068 649 3127 est,
660 3069 684 3126 se
699 3073 759 3115 ass'tur
774 3079 798 3112 ut
808 3066 868 3127 falfia
876 3070 926 3128 fin]
959 3072 1044 3134 Vulgg.
1059 3087 1094 3116 vs·

231 3145 282 3173 rum
292 3146 331 3173 non
342 3128 386 3186 est,
406 3130 519 3190 sequi-r,
541 3143 565 3176 ut
576 3129 663 3190 falsum
675 3085 710 3188 Ze
743 3129 825 3179 Nostri
840 3145 897 3180 vero
913 3135 1000 3182 nlssti.
1017 3133 1096 3182 lesbio·

231 3204 308 3244 nem,
324 3205 398 3250 quam
410 3191 513 3252 amplexi
524 3188 617 3248 sumus,
635 3208 679 3256 prat
693 3192 810 3242 feserunt.
843 3193 951 3258 Insuper,
966 3212 1030 3260 quae,
1038 3210 1095 3258 qua·

229 3250 275 3306 so,
290 3254 315 3299 in
330 3251 393 3300 hisce
409 3255 484 3302 verbis
498 3252 556 3303 inest
572 3255 714 3305 consitusbio
729 3289 737 3311 ,
753 3258 794 3302 eris
810 3258 905 3317 confiteri
922 3261 996 3321 nemsi
1006 3293 1013 3315 ‚
1023 3261 1092 3319 sequi·

226 3323 285 3360 sur?
302 3318 383 3377 ltaque
399 3319 444 3364 let.
461 3322 552 3364 Ramus
566 3318 693 3382 legendum
704 3319 782 3373 vidit,
798 3319 867 3376 sequi.
903 3323 980 3371 Resle
991 3321 1093 3384 quidem,
1140 3324 1142 3329 ’

225 3374 268 3424 nist
280 3377 344 3439 quod
358 3379 438 3439 paullo
453 3382 546 3442 ptopius
565 3381 595 3432 ad
610 3397 729 3448 receptam
744 3379 881 3446 scripturam
897 3387 1019 3445 mallem,
1037 3386 1094 3449 [equs

227 3453 326 3499 numm
339 3440 400 3502 falfi
417 3441 451 3500 fit.
485 3441 564 3495 Datis.
