2296 3908
270 118 460 187 Lruert
501 124 745 191 Fuimus.
860 130 941 213 3¹⁶3

59 230 139 289 tioni
160 230 187 288 se
210 229 333 291 maxime
356 231 542 291 dediderunt:
563 232 696 309 quodque
723 240 835 307 propter
865 232 935 290 aeris

61 307 268 367 crassitudinem
282 306 317 365 de
332 309 402 368 caelo
417 308 489 383 apud
505 326 553 367 cos
567 306 779 374 multastebanr‚
798 306 958 383 suequbdr
976 310 1035 387 &fa

63 384 104 440 ob
128 384 247 443 eandem
269 382 376 441 caulam
401 386 521 442 5¹multa
542 384 666 443 inusitata
687 384 786 457 purtim
808 382 910 441 ecaelo
925 374 1018 451 „W”

63 458 118 515 alia
133 478 168 517 ex
182 473 252 518 terra
268 460 440 529 oriebantur,
459 460 589 537 quaedam
613 462 696 517 etiam
725 478 760 517 err
782 434 1003 518 hominum⁴“s³·

65 534 246 609 pecudumve
271 550 411 611 conceptu
437 538 466 594 ὃς
488 538 545 595 satu
561 579 570 604 ,
588 536 778 595 ‘ostentorum
802 538 953 594 exercita-¹
968 540 1076 610 9⁰³⁸&

63 610 159 669 tissimi
172 615 330 687 interpretes
345 612 509 671 exstiterunt.
548 630 669 687 quorum
683 612 796 688 quidem
813 614 890 681 vim,
905 601 1022 670 ut²⁰¹¹¹¹²¹
1032 594 1085 655 ‘²¹¹¹

63 696 96 744 tu
111 686 180 746 soles
194 689 301 758 dicere,
322 688 403 746 verba
418 689 472 763 ipsa
487 689 635 763 prudenter
655 688 672 746 'a
694 689 841 762 majoribus
862 688 936 763 poli·

65 773 95 819 ta
110 763 257 823 declarant.
296 765 360 841 quia
375 766 449 822 enim
464 764 625 832 ostendunt,
648 765 834 839 portendunt,
850 781 933 824 mon·

65 836 166 907 strant,
185 840 372 915 ‘praedicunm
391 841 514 911 ostenta,
534 854 683 917 portenta,
704 841 822 900 monstra
838 882 847 910 ,
866 858 927 917 pto·
940 847 952 881 ³
967 834 1048 897 prodi-

28 944 33 951 ·
65 912 139 989 digia
156 918 291 976 dicuntur.
943 903 1083 959 ‘mm

106 992 211 1051 Arabes
231 1008 342 1061 autem,
362 994 392 1051 ὃ(
406 993 523 1068 Phryges
539 1035 548 1060 .
569 994 598 1052 &
613 992 735 1061 Cilices,
754 990 845 1068 qubd'
859 994 982 1069 paslu94

66 1067 207 1140 pecudum
224 1068 346 1127 maxime
362 1082 498 1136 utuntur,
517 1087 631 1143 campos
658 1072 686 1126 bt
710 1082 820 1127 montes
839 1072 935 1131 hieme

30 1170 33 1179 ·
66 1142 98 1199 &
113 1144 417 1221 aestateperagrantes,
438 1160 582 1219 propterea
600 1145 702 1203 facilius
721 1156 817 1203 cantus
838 1148 934 1207 avium

67 1220 99 1276 dt
114 1220 219 1278 volatus
234 1234 407 1279 notaverunt.
446 1219 854 1296 eademque&l'is1diaecausa
870 1224 932 1294 ruit,

65 1295 97 1352 ὅ(
112 1295 177 1353 huic
191 1299 289 1354 nostrae
303 1298 438 1353 Umbriae.
476 1297 555 1353 Tum
578 1296 658 1352 Caria
678 1308 735 1352 tuta
752 1337 761 1363 ‚
780 1300 931 1371 praecipue·

64 1386 123 1446 que
136 1381 147 1413 ¹
153 1370 323 1437 Telmesses,
343 1388 413 1446 quos
427 1369 491 1426 ante
505 1371 579 1438 dixi,
597 1368 674 1446 qubd
688 1386 765 1445 agros
780 1372 931 1434 uberrimos
976 1372 1001 1419 ἲ·
1018 1374 1049 1425 0·

25 1467 39 1497 ,r
65 1446 247 1524 maximeque
260 1447 360 1504 fertiles
381 1446 528 1515 incolunt,
549 1448 577 1503 in
598 1445 694 1520 quibus
714 1446 800 1503 multa
821 1440 951 1523 proptert
966 1434 1043 1485 Μ·

28 1546 33 1555 ·
63 1522 278 1581 soecunditatem
309 1522 375 1596 fingi
408 1523 537 1597 gignique
575 1517 716 1595 possunt,
762 1524 792 1580 in
819 1524 930 1585 ostentis
939 1494 1048 1605 {22²ss

10 1637 24 1663 ,ν
65 1598 319 1658 animadvertendis
333 1599 474 1673 diligentes
490 1600 609 1656 suerunt.
939 1590 1069 1673 dietrici-

15 1676 19 1681 '
103 1673 210 1731 XLlll.
230 1678 329 1748 Qurs
351 1673 448 1732 vrrrb
468 1693 526 1732 non
548 1674 639 1742 videt,
658 1674 686 1732 in
702 1677 807 1749 optima
821 1679 1033 1756 quaquemeffer.

61 1749 202 1827 republica
216 1751 364 1825 plurimum
388 1752 502 1824 auspicia
530 1753 559 1808 ὃ(
574 1751 675 1826 reliqua
691 1751 831 1812 divinandi
846 1773 930 1829 gene·
940 1762 977 1821 95

61 1843 92 1884 ra
108 1824 218 1884 valuisse
234 1826 246 1881 ἓ
265 1829 325 1904 quis
339 1844 386 1885 tex
401 1844 534 1902 umquam
549 1826 601 1883 fuit
617 1869 626 1895 ‚
645 1827 705 1902 quis
726 1830 861 1905 populus,
880 1832 929 1907 qui

62 1918 124 1962 uon
138 1916 258 1962 uteretur
272 1901 450 1978 praedidlione
465 1900 578 1959 divina?
597 1920 688 1978 neque
703 1903 789 1961 solum
799 1906 827 1964 in
842 1925 929 1983 pace,

63 1976 111 2037 sed
127 1979 155 2036 in
171 1980 242 2038 bello
258 1979 347 2038 multo
363 1981 445 2036 eriam
463 1979 562 2052 magis:
584 1994 642 2052 quo
664 1984 751 2053 majus
772 1996 829 2039 erat
844 1998 933 2042 certa-

63 2071 132 2113 men
158 2056 187 2114 &
216 2054 359 2112 discrimen
379 2054 474 2112 silutis.
514 2054 627 2112 Omitto
648 2056 777 2123 nostros,
797 2059 845 2130 qui
866 2060 934 2119 nihil

63 2132 94 2189 in
108 2130 179 2189 bello
194 2128 250 2188 stne
264 2131 331 2188 extis
345 2144 446 2205 agunt,
468 2139 493 2182 52
503 2130 570 2187 nihil
584 2129 639 2186 stne
655 2129 775 2205 auspiciis
790 2131 868 2191 domi
882 2134 933 2193 ha·

63 2204 140 2265 bent.
179 2205 307 2280 Auspicia
321 2219 432 2263 externa
454 2204 603 2263 videamus.
642 2205 716 2261 Nam
732 2208 761 2263 &
779 2208 931 2268 Athenien-

62 2280 103 2342 ses
124 2283 252 2341 omnibus
270 2281 376 2356 semper
395 2280 508 2356 publicis
529 2280 645 2341 confiliis
664 2280 772 2342 divinos
794 2286 932 2360 quosdam

892 2362 935 2432 sas

93 2526 130 2570 rr.
149 2516 222 2561 Multa
235 2514 334 2573 inufirua
348 2516 430 2577 partim
446 2530 456 2559 e
472 2515 546 2571 rain]
574 2511 716 2562 observabat
732 2524 797 2574 pater
812 2512 837 2561 in
850 2517 929 2565 MStu.

11 2576 19 2593 '·
61 2574 177 2624 vossiano
188 2572 254 2626 fnisse
264 2575 293 2623 ab
304 2577 456 2637 primamauu
466 2579 580 2634 invifirara
588 2576 614 2622 de
623 2580 687 2622 coelo:
703 2572 815 2631 sicclare,
824 2589 875 2623 tum
886 2592 931 2625 vo-

11 2684 18 2697 ,
61 2652 88 2688 te
94 2644 176 2701 partim
188 2641 278 2703 ignota.
295 2642 389 2687 Gronov,
422 2639 628 2695 Multas'nufiuta.]
644 2642 694 2684 MS.
713 2638 839 2697 l'offianus'a
851 2641 928 2701 prima

11 2736 15 2745 .
60 2714 136 2750 manu
147 2700 321 2761 representabat
333 2702 457 2760 inmfirara,
473 2701 637 2763 quodplace15
654 2700 687 2746 im
697 2701 760 2746 enim
774 2699 881 2749 dicuntur
887 2716 925 2758 ea,

11 2797 23 2811 ..
59 2778 112 2827 quz
124 2776 176 2810 raro
192 2779 235 2813 nee
248 2763 381 2825 frequenter
393 2762 501 2813 visuntur.
532 2768 599 2810 blanc
614 2776 698 2810 rocem
714 2761 736 2824 J.
748 2766 774 2811 F.
789 2766 928 2813 Grouurius

24 2860 27 2865 ·
58 2826 133 2877 Livio
146 2822 223 2887 sepius
234 2827 338 2875 restituit.
370 2828 451 2886 Davrss

91 2904 129 2946 52·
150 2893 212 2935 turbis
218 2890 262 2947 fine
272 2890 373 2952 auspiciis
383 2890 460 2946 domi]
477 2892 520 2936 Pro
531 2900 589 2936 voce
600 2886 715 2949 postrema
726 2884 756 2930 ell
770 2886 794 2933 in
808 2892 856 2936 MS.
868 2889 929 2939 vos·

56 2950 119 3001 siau.
131 2952 196 3006 dum,
211 2950 272 2999 uude
282 2950 329 3017 ipse
340 2952 449 2998 dominus
461 2950 597 3013 apposuerat
608 2951 783 3009 conjecturam,
799 2954 928 3012 quinititr'e

52 3016 111 3061 bello
117 3013 163 3071 fine
173 3018 227 3060 extis
236 3029 313 3076 agunt,
329 3017 385 3059 nr'hil
391 3016 435 3072 fine
443 3016 557 3076 auspiciis,
571 3017 623 3060 dum
633 3010 813 3072 'inlentarrspiriu
830 3018 927 3062 Externa

54 3080 108 3125 vid.
126 3079 235 3125 Gronov.
266 3079 330 3123 Nihil
344 3077 388 3133 fine
403 3075 502 3138 auspiciis
523 3080 583 3123 domi
602 3078 682 3122 bascat.
716 3074 826 3137 Auspicia
839 3090 925 3124 extem

53 3140 193 3196 videamus]
209 3142 236 3187 ll.
248 3137 339 3189 voffius
349 3153 378 3186 ex
390 3136 430 3185 suo
442 3138 532 3185 Codice
543 3140 613 3202 legit,
630 3140 686 3183 nvhrl
693 3137 737 3195 fine
746 3139 860 3199 auspiciis,
869 3143 923 3187 duri·

50 3201 242 3263 babentauspr'cia.
274 3206 368 3248 Externa
377 3206 496 3249 videamus.
530 3206 559 3248 Et
576 3205 608 3248 itu
624 3201 678 3249 sine
691 3200 854 3262 reproserrtant
869 3204 923 3275 ΒΆΙφ

49 3269 120 3328 Res.
132 3264 158 3313 δι
169 3261 270 3311 cantab.
288 3264 331 3312 Sed
342 3266 418 3312 multo
429 3263 552 3311 meliorest
562 3262 676 3327 ingeniosi
688 3261 801 3325 dubiique
813 3267 921 3315 viricou·

47 3326 163 3392 jeffllra,
179 3326 216 3374 cui
235 3326 310 3391 pinet
322 3360 328 3382 ,
354 3330 414 3374 Nibrl
430 3326 474 3381 fine
489 3328 588 3385 auspiciis
608 3329 672 3374 danii.
709 3328 818 3388 Auspicia
832 3344 918 3376 externa

43 3392 176 3442 videamus.
208 3390 241 3441 Ut
268 3390 295 3440 rr
319 3390 407 3451 halem,
432 3389 503 3440 iuaue
522 3388 680 3440 librariorum
701 3386 728 3438 fit
745 3389 917 3442 adsumentum.

44 3453 134 3515 Davifi
1017 3514 1020 3519 Ι

840 3532 876 3575 rs·
892 3520 918 3562 12
