2296 3908
228 127 311 197 30¹0
415 98 477 168 Du
498 97 699 172 Nnruttn
719 99 918 168 Duottutt

226 227 285 287 que
299 208 470 277 videamus,
491 206 705 266 constantissime
727 207 928 285 conficientem
952 204 1107 268 viciffitndt·

227 304 277 347 nes
292 285 501 354 anniversarias,
521 301 588 342 cum
602 283 709 343 summa
722 284 806 343 salute
838 286 868 342 bc
894 282 1104 345 conservatione

231 380 324 422 rerum
340 362 488 422 omnium:
508 360 758 437 dubitamus,quin
775 379 806 419 ea
821 379 880 419 non
894 360 990 420 solium
1008 362 1104 421 ratione

125 453 137 477 ⁶
229 437 317 508 fiant,
338 437 480 497 sedetiam
496 436 641 497 excellenti
659 438 778 512 quadam
807 437 961 514 divinaque
985 434 1104 497 ratione?
1143 455 1145 510 ξ

180 499 218 579 93
231 516 314 575 Licet
328 519 404 575 enim
424 515 507 591 jam,
527 525 634 571 remota
655 514 798 573 subtilitate
818 513 1007 589 disputandi,
1028 514 1101 575 ocus
1125 522 1145 587 J

227 591 445 669 quodammodo
460 589 642 663 contemplari
656 590 868 664 pulcritudinem
884 608 985 649 rerum
996 606 1100 661 earum,
1144 625 1145 634 κ

229 686 297 748 quas
311 667 404 727 divini
418 663 594 742 providentii
608 664 724 735 dicimus
739 667 906 725 constitutas.
924 684 926 689 ’

269 745 400 803 XXXIX.
419 744 474 802 Ac
494 760 710 801 nntuctnro
728 755 799 802 terra
821 741 948 801 universa
966 754 1103 815 cernatur,

230 820 322 881 locata
338 822 367 879 in
383 820 475 880 media
489 817 586 877 mnndi
599 818 680 887 sede,
700 818 801 888 solida,
821 819 996 894 &globosa,
1017 821 1050 879 δι
1063 837 1104 879 un·

79 895 98 947 h
113 890 206 974 nixib&
233 899 319 975 dique
332 895 387 973 ipsa
403 898 431 956 in
446 894 501 955 sese
516 894 647 954 hnutibus
661 896 712 955 suis
727 896 891 971 conglobata
908 937 917 964 ,
939 895 1044 955 vestita
1064 895 1105 955 llo·

31 987 32 997 ¹
82 961 157 1009 “m‘’
232 975 328 1043 ribus,
349 974 462 1040 herbis,
481 971 643 1039 arboribus,
664 972 791 1047 frugibus.
831 989 956 1047 quorum
980 973 1105 1032 omniun

230 1049 394 1111 incredibilis
422 1046 738 1108 multitudo'insatiabili
767 1048 897 1107 varietate
926 1047 1106 1125 distinguitur.

230 1127 315 1188 Adde
327 1127 383 1184 huc
396 1124 519 1184 fontium
533 1123 634 1199 gelidas
648 1125 862 1199 peremnitates,
881 1125 1013 1200 liquores
1029 1126 1107 1200 perlu·

203 1239 208 1250 ·
231 1203 309 1263 cidos
323 1202 467 1269 amnium,
488 1203 604 1275 riparum
621 1201 729 1259 vestitus
744 1201 917 1259 viridiffimos
936 1243 946 1269 ,
969 1200 1107 1278 ²⁸spelun·

232 1297 329 1339 carum
346 1295 483 1337 concavas
497 1277 652 1336 altitudines
669 1320 678 1346 ‚
697 1278 825 1335 sanorum
850 1275 1014 1350 asperitates
1037 1321 1047 1348 ,
1065 1280 1107 1339 im·

233 1355 415 1432 pendentium
432 1356 571 1413 montium
587 1353 742 1413 altitudines
755 1353 1021 1431 immensrtatesque
1041 1372 1106 1415 cant·

234 1449 354 1508 porum:
374 1430 446 1490 adde
461 1430 544 1488 etiam
568 1431 722 1490 reconditas
750 1432 808 1489 auri
834 1431 1006 1508 argentique
1039 1448 1108 1493 venti

235 1507 430 1584 infinitamque
445 1509 503 1565 vim
519 1508 673 1565 marmoris.

191 1599 230 1658 99
278 1589 355 1660 Quae
376 1583 445 1641 verb
473 1586 502 1643 ὃς
518 1583 603 1658 quim
617 1584 691 1642 varia
711 1591 812 1658 genera
833 1582 986 1643 bestiarum
1011 1584 1108 1646 velti·

84 1662 357 1725 ·!.11.v1.curum‚
378 1661 423 1718 vel
437 1659 578 1719 fetatum?
598 1662 646 1736 qui
659 1660 805 1719 volucrum
827 1660 912 1733 lapsus
941 1674 1036 1738 atque
1056 1679 1108 1721 cat·

241 1737 304 1798 tus?
323 1737 372 1815 qui
386 1736 524 1812 pecudum
540 1734 654 1812 pastus?
674 1754 739 1812 quae
754 1738 811 1795 vita
825 1735 992 1797 silvestrium
1009 1737 1025 1796 l
1045 1735 1109 1814 Quid

237 1817 297 1894 jem
312 1814 348 1872 de
363 1813 513 1874 hominum
527 1831 629 1889 genere
644 1811 758 1872 dicam?
777 1815 826 1890 qui
839 1811 914 1889 quast
933 1814 1109 1875 cultorester·
1143 1876 1145 1883 ,

90 1895 212 1949 ibellum.
243 1908 280 1950 rae
295 1890 451 1958 constituti,
471 1907 529 1947 non
545 1892 684 1964 patiuntur
703 1908 765 1948 enm
787 1907 841 1950 nec
861 1889 1110 1951 immanitatelbr·

90 1963 143 2011 ‘11¹'-
240 1968 348 2026 luorum
372 1965 508 2034 efferari,
543 1983 596 2024 nec
618 1966 775 2041 ²9stirpium
803 1965 947 2041 asperitate
975 1966 1109 2027 ¹waltari:

90 2018 232 2134 k'sffll‘soe'
264 2061 420 2120 uorumque
436 2041 562 2118 operibus
577 2045 649 2117 agri,
678 2043 772 2102 insulae
796 2041 944 2119 litoraque
957 2044 1110 2111 collucent,

91 2100 178 2138 '‘⁶¹'‘
243 2063 366 2180 distincta
394 2119 472 2178 tetus
505 2119 673 2178 &urbibus
712 2124 788 2195 Quae
811 2117 854 2187 fi,
882 2131 913 2176 ut
934 2117 1140 2191 animis,fie,

93 2210 102 2259 t
119 2220 234 2257 conruens
245 2197 331 2257 oculis
348 2195 440 2255 videre
456 2192 718 2272 possemus,nemo,
728 2194 998 2257 cundiamlintuens
1013 2209 1115 2266 tertam,

93 2275 148 2323 MS·
248 2273 283 2333 de
297 2274 390 2332 divina
405 2273 512 2331 ratione
527 2272 668 2331 dubitaret.

182 2366 236 2409 too
284 2350 324 2407 At
345 2346 412 2407 vero
434 2360 535 2425 quanta
557 2349 638 2406 maris
659 2348 696 2407 eli
717 2344 899 2424 pulcritudo?
920 2365 993 2424 quae
1023 2348 1113 2427 specics
1139 2402 1144 2414 ,

245 2424 384 2484 universi?
404 2442 469 2499 quae
491 2423 685 2482 multitudo&
707 2426 819 2483 varietas
839 2423 994 2484 insularum
1019 2424 1033 2485 ?
1058 2440 1114 2503 quae

96 2519 124 2556 tn
135 2504 236 2618 affieri·
247 2501 451 2562 mamoenitates
469 2517 580 2559 orarum
601 2502 630 2561 ὃ(
644 2500 780 2561 litorum?
800 2514 870 2578 quot
884 2518 1011 2576 genera,
1026 2518 1115 2580 quant·

97 2581 135 2619 128
191 2605 198 2619 ι
1069 2592 1116 2657 qm

280 2682 318 2725 ιε.
336 2675 488 2738 speluncarum
497 2690 599 2721 concavas
609 2674 755 2734 defrodius]
785 2679 849 2740 Saepe
864 2673 944 2725 fateor
956 2678 986 2727 δι
997 2675 1117 2735 sciend-

249 2736 310 2788 iium
325 2752 376 2786 non
391 2736 496 2800 refugere
508 2738 644 2786 iterationes
662 2737 792 2789 eorundem
810 2738 985 2787 vocabulorum
1002 2743 1029 2790 in
1044 2741 1119 2791 ticini!

280 2799 366 2856 rlodis,
381 2816 406 2850 ut
417 2800 530 2850 hocloco
541 2799 701 2863 potestvideri
715 2800 794 2852 fecisse
805 2805 828 2852 in
841 2818 862 2850 ν.
880 2805 1024 2853 altitudines.
1042 2798 1069 2852 tit
1083 2806 1119 2853 ltn-

248 2815 307 2914 &nt
319 2865 448 2920 editiones,
463 2878 578 2926 quantum
589 2865 660 2919 novi,
675 2878 761 2913 omnes
776 2868 801 2916 dt
814 2866 854 2914 alii
865 2868 933 2913 MSS.
961 2865 1011 2915 Sed
1022 2866 1120 2932 quidet·

250 2942 308 2978 meu
319 2925 482 2977 censebimus?
504 2932 532 2975 ln
548 2924 687 2975 membrana
702 2927 890 3003 cantabrigiensi
907 2927 1026 2993 legebam
1042 2926 1119 2979 discut

247 3005 293 3055 pro
303 2991 339 3040 his
351 2991 423 3039 tribus
434 2989 530 3039 vocibus
539 2987 615 3037 modo
619 2990 768 3050 speluncarum
779 3004 877 3039 concavo.
895 2994 1012 3042 Gronov.
1042 2994 1121 3042 Sosii·-

246 3056 307 3166 clb'nes
320 3056 396 3116 placet
407 3054 549 3109 Bouhierio,
565 3054 605 3115 qui
616 3053 689 3102 etiam
699 3054 809 3103 Lambini
820 3053 986 3116 consessuram
997 3058 1122 3107 ruitaria

260 3131 288 3165 au
307 3129 338 3167 at.

237 3204 240 3211 ·
281 3196 312 3230 2⁹
337 3180 445 3239 Stirpium
454 3175 566 3239 asperitate
575 3177 679 3238 vastari]
698 3178 760 3240 Quia
771 3178 837 3228 locus
847 3177 886 3226 hic
900 3178 1026 3242 profertur
1044 3178 1062 3233 d
1075 3182 1123 3233 Plo·

249 3241 293 3291 nio
304 3243 329 3288 in
338 3242 469 3299 patefiant,
487 3238 614 3289 Lambinus
624 3241 714 3304 putarit
730 3241 771 3291 bic
782 3241 910 3308 legendum
923 3240 994 3302 esse,
1009 3248 1124 3305 emim,

252 3304 292 3355 sed
303 3304 405 3358 fallitur,
423 3314 448 3350 ut
459 3302 589 3367 observavit
600 3302 676 3368 Jbfias
691 3309 808 3355 Mercerus
819 3306 850 3354 ad
865 3306 978 3354 Nonium
991 3325 1000 3366 3
1024 3320 1084 3359 nam
1096 3300 1125 3355 fl

254 3382 304 3415 non
315 3380 408 3414 tantum
420 3365 506 3431 legitur
515 3366 612 3424 variari,
626 3380 652 3414 ut
664 3365 717 3422 hie,
733 3366 772 3419 sed
781 3369 855 3422 etlam
865 3367 892 3418 iti
902 3380 964 3419 voce
974 3366 1125 3435 vastitatis

245 3428 286 3482 hie
294 3431 361 3481 locus
371 3428 452 3485 denus
461 3428 585 3499 profertur.
617 3432 718 3482 domin
1063 3494 1127 3563 ’ψ

602 3508 606 3515 ²
1000 3507 1048 3554 ὀῦ
