<?xml version="1.0" encoding="UTF-8"?>
<!DOCTYPE html PUBLIC "-//W3C//DTD XHTML 1.0 Transitional//EN"
    "http://www.w3.org/TR/xhtml1/DTD/xhtml1-transitional.dtd">
<html xmlns="http://www.w3.org/1999/xhtml" xml:lang="en" lang="en">
 <head>
  <title>
</title>
<meta http-equiv="Content-Type" content="text/html;charset=utf-8" />
  <meta name='ocr-system' content='tesseract 3.04.00' />
  <meta name='ocr-capabilities' content='ocr_page ocr_carea ocr_par ocr_line ocrx_word'/>
</head>
<body>
  <div class='ocr_page' id='page_1' title='image "./marcitulliicice11pedigoog_0456.png"; bbox 0 0 2296 3908; ppageno 0'>
   <div class='ocr_carea' id='block_1_1' title="bbox 252 115 942 195">
    <p class='ocr_par' dir='ltr' id='par_1_1' title="bbox 252 115 942 195">
     <span class='ocr_line' id='line_1_1' title="bbox 252 115 942 195; baseline 0.012 -16"><span class='ocrx_word' id='word_1_1' title='bbox 252 115 447 182; x_wconf 71' lang='lat' dir='ltr'>urm</span> <span class='ocrx_word' id='word_1_2' title='bbox 504 116 755 182; x_wconf 76' lang='lat' dir='ltr'>Puruus·</span> <span class='ocrx_word' id='word_1_3' title='bbox 863 121 942 195; x_wconf 74' lang='lat'><em>33¹9</em></span> 
     </span>
    </p>
   </div>
   <div class='ocr_carea' id='block_1_2' title="bbox 21 223 1084 2053">
    <p class='ocr_par' dir='ltr' id='par_1_2' title="bbox 21 223 1084 1203">
     <span class='ocr_line' id='line_1_2' title="bbox 97 223 977 306; baseline -0.008 -15"><span class='ocrx_word' id='word_1_4' title='bbox 97 228 207 293; x_wconf 76' lang='lat' dir='ltr'>ttvttt.</span> <span class='ocrx_word' id='word_1_5' title='bbox 227 228 346 301; x_wconf 68' lang='lat' dir='ltr'>Srqur</span> <span class='ocrx_word' id='word_1_6' title='bbox 357 250 434 299; x_wconf 71' lang='lat' dir='ltr'>ruit</span> <span class='ocrx_word' id='word_1_7' title='bbox 449 274 459 302; x_wconf 97' lang='lat'>,</span> <span class='ocrx_word' id='word_1_8' title='bbox 477 242 509 290; x_wconf 91' lang='lat' dir='ltr'>ut</span> <span class='ocrx_word' id='word_1_9' title='bbox 529 232 655 293; x_wconf 79' lang='lat' dir='ltr'>conclusa</span> <span class='ocrx_word' id='word_1_10' title='bbox 670 229 740 291; x_wconf 90' lang='lat' dir='ltr'>mihi</span> <span class='ocrx_word' id='word_1_11' title='bbox 750 228 811 304; x_wconf 80' lang='lat' dir='ltr'>jem</span> <span class='ocrx_word' id='word_1_12' title='bbox 823 226 887 285; x_wconf 83' lang='lat' dir='ltr'>haec</span> <span class='ocrx_word' id='word_1_13' title='bbox 900 223 977 306; x_wconf 79' lang='lat' dir='ltr'>fit48</span> 
     </span>
     <span class='ocr_line' id='line_1_3' title="bbox 54 303 1084 385; baseline -0.003 -17"><span class='ocrx_word' id='word_1_14' title='bbox 54 308 154 381; x_wconf 83' lang='lat' dir='ltr'>prunis</span> <span class='ocrx_word' id='word_1_15' title='bbox 175 306 276 377; x_wconf 82' lang='lat' dir='ltr'>ratio,</span> <span class='ocrx_word' id='word_1_16' title='bbox 297 307 339 382; x_wconf 88' lang='lat' dir='ltr'>(id</span> <span class='ocrx_word' id='word_1_17' title='bbox 360 308 438 385; x_wconf 89' lang='lat' dir='ltr'>quod</span> <span class='ocrx_word' id='word_1_18' title='bbox 457 319 522 367; x_wconf 80' lang='lat' dir='ltr'>aute</span> <span class='ocrx_word' id='word_1_19' title='bbox 545 308 641 367; x_wconf 82' lang='lat' dir='ltr'>oeulos</span> <span class='ocrx_word' id='word_1_20' title='bbox 663 303 847 373; x_wconf 67' lang='lat' dir='ltr'>eertum,</span> <span class='ocrx_word' id='word_1_21' title='bbox 866 320 957 379; x_wconf 82' lang='lat' dir='ltr'>quaee</span> <span class='ocrx_word' id='word_1_22' title='bbox 973 314 1005 365; x_wconf 84' lang='lat' dir='ltr'>est</span> <span class='ocrx_word' id='word_1_23' title='bbox 1017 310 1084 365; x_wconf 77' lang='lat' dir='ltr'>extr·</span> 
     </span>
     <span class='ocr_line' id='line_1_4' title="bbox 56 375 1018 461; baseline -0.005 -20"><span class='ocrx_word' id='word_1_24' title='bbox 56 382 134 457; x_wconf 69' lang='lat' dir='ltr'>ditia</span> <span class='ocrx_word' id='word_1_25' title='bbox 147 382 219 459; x_wconf 81' lang='lat' dir='ltr'>suut)</span> <span class='ocrx_word' id='word_1_26' title='bbox 240 385 269 443; x_wconf 68' lang='grc' dir='ltr'>ὃ(</span> <span class='ocrx_word' id='word_1_27' title='bbox 279 385 341 461; x_wconf 86' lang='lat' dir='ltr'>jus,</span> <span class='ocrx_word' id='word_1_28' title='bbox 359 387 390 444; x_wconf 76' lang='grc' dir='ltr'>δι</span> <span class='ocrx_word' id='word_1_29' title='bbox 404 400 491 443; x_wconf 89' lang='lat' dir='ltr'>omne</span> <span class='ocrx_word' id='word_1_30' title='bbox 505 385 651 444; x_wconf 86' lang='lat' dir='ltr'>honestum</span> <span class='ocrx_word' id='word_1_31' title='bbox 667 427 676 453; x_wconf 91' lang='lat'>,</span> <span class='ocrx_word' id='word_1_32' title='bbox 702 382 747 441; x_wconf 78' lang='lat' dir='ltr'>sua</span> <span class='ocrx_word' id='word_1_33' title='bbox 760 380 858 456; x_wconf 88' lang='lat' dir='ltr'>sponte</span> <span class='ocrx_word' id='word_1_34' title='bbox 878 375 932 437; x_wconf 83' lang='lat' dir='ltr'>effe</span> <span class='ocrx_word' id='word_1_35' title='bbox 942 382 1018 430; x_wconf 71' lang='lat' dir='ltr'>Laut·</span> 
     </span>
     <span class='ocr_line' id='line_1_5' title="bbox 54 455 932 536; baseline -0.006 -20"><span class='ocrx_word' id='word_1_36' title='bbox 54 460 258 536; x_wconf 78' lang='lat' dir='ltr'>expetendum.</span> <span class='ocrx_word' id='word_1_37' title='bbox 296 461 409 520; x_wconf 88' lang='lat' dir='ltr'><strong>Etenim</strong></span> <span class='ocrx_word' id='word_1_38' title='bbox 433 478 532 519; x_wconf 77' lang='lat' dir='ltr'>omnes</span> <span class='ocrx_word' id='word_1_39' title='bbox 551 463 602 520; x_wconf 85' lang='lat' dir='ltr'>viri</span> <span class='ocrx_word' id='word_1_40' title='bbox 621 462 688 519; x_wconf 91' lang='lat' dir='ltr'>boui</span> <span class='ocrx_word' id='word_1_41' title='bbox 708 458 792 534; x_wconf 83' lang='lat' dir='ltr'>ipsam</span> <span class='ocrx_word' id='word_1_42' title='bbox 816 455 932 532; x_wconf 82' lang='lat' dir='ltr'>aequita·</span> 
     </span>
     <span class='ocr_line' id='line_1_6' title="bbox 55 533 932 617; baseline -0.006 -23"><span class='ocrx_word' id='word_1_43' title='bbox 55 544 119 598; x_wconf 76' lang='lat' dir='ltr'>tem</span> <span class='ocrx_word' id='word_1_44' title='bbox 144 538 229 613; x_wconf 86' lang='lat' dir='ltr'>&amp;jus</span> <span class='ocrx_word' id='word_1_45' title='bbox 242 535 330 617; x_wconf 88' lang='lat' dir='ltr'>ipsum</span> <span class='ocrx_word' id='word_1_46' title='bbox 345 548 457 606; x_wconf 81' lang='lat' dir='ltr'>amant,</span> <span class='ocrx_word' id='word_1_47' title='bbox 477 554 530 594; x_wconf 90' lang='lat' dir='ltr'>nec</span> <span class='ocrx_word' id='word_1_48' title='bbox 558 537 596 596; x_wconf 87' lang='lat' dir='ltr'>est</span> <span class='ocrx_word' id='word_1_49' title='bbox 609 538 660 595; x_wconf 84' lang='lat' dir='ltr'>viri</span> <span class='ocrx_word' id='word_1_50' title='bbox 681 535 772 601; x_wconf 90' lang='lat' dir='ltr'>boni,</span> <span class='ocrx_word' id='word_1_51' title='bbox 793 550 880 592; x_wconf 83' lang='lat' dir='ltr'>errare</span> <span class='ocrx_word' id='word_1_52' title='bbox 901 533 932 589; x_wconf 75' lang='grc' dir='ltr'>δε</span> 
     </span>
     <span class='ocr_line' id='line_1_7' title="bbox 55 609 931 690; baseline -0.007 -19"><span class='ocrx_word' id='word_1_53' title='bbox 55 612 189 689; x_wconf 76' lang='lat' dir='ltr'>diligere,</span> <span class='ocrx_word' id='word_1_54' title='bbox 209 613 288 689; x_wconf 91' lang='lat' dir='ltr'>quod</span> <span class='ocrx_word' id='word_1_55' title='bbox 301 631 350 690; x_wconf 89' lang='lat' dir='ltr'>per</span> <span class='ocrx_word' id='word_1_56' title='bbox 365 612 465 673; x_wconf 81' lang='lat' dir='ltr'>senon</span> <span class='ocrx_word' id='word_1_57' title='bbox 480 612 512 671; x_wconf 89' lang='lat' dir='ltr'>srt</span> <span class='ocrx_word' id='word_1_58' title='bbox 528 611 707 688; x_wconf 83' lang='lat' dir='ltr'>diligendum.</span> <span class='ocrx_word' id='word_1_59' title='bbox 743 609 835 669; x_wconf 87' lang='lat' dir='ltr'>Perse</span> <span class='ocrx_word' id='word_1_60' title='bbox 849 611 931 684; x_wconf 83' lang='lat' dir='ltr'>igitur</span> 
     </span>
     <span class='ocr_line' id='line_1_8' title="bbox 52 685 929 765; baseline -0.003 -20"><span class='ocrx_word' id='word_1_61' title='bbox 52 686 101 764; x_wconf 87' lang='lat' dir='ltr'>jus</span> <span class='ocrx_word' id='word_1_62' title='bbox 124 688 161 748; x_wconf 91' lang='lat' dir='ltr'>est</span> <span class='ocrx_word' id='word_1_63' title='bbox 195 689 382 764; x_wconf 83' lang='lat' dir='ltr'>expetendum</span> <span class='ocrx_word' id='word_1_64' title='bbox 417 688 629 751; x_wconf 83' lang='lat' dir='ltr'>&amp;colendum</span> <span class='ocrx_word' id='word_1_65' title='bbox 668 686 745 765; x_wconf 76' lang='lat' dir='ltr'>qutd</span> <span class='ocrx_word' id='word_1_66' title='bbox 767 687 848 762; x_wconf 85' lang='lat' dir='ltr'>fijus</span> <span class='ocrx_word' id='word_1_67' title='bbox 870 685 929 743; x_wconf 86' lang='lat' dir='ltr'>est:</span> 
     </span>
     <span class='ocr_line' id='line_1_9' title="bbox 57 763 932 841; baseline 0 -20"><span class='ocrx_word' id='word_1_68' title='bbox 57 764 143 822; x_wconf 82' lang='lat' dir='ltr'>etium</span> <span class='ocrx_word' id='word_1_69' title='bbox 170 763 280 840; x_wconf 86' lang='lat' dir='ltr'>justitia.</span> <span class='ocrx_word' id='word_1_70' title='bbox 317 763 391 824; x_wconf 80' lang='lat' dir='ltr'>8tsrc</span> <span class='ocrx_word' id='word_1_71' title='bbox 414 765 444 823; x_wconf 88' lang='lat' dir='ltr'>in</span> <span class='ocrx_word' id='word_1_72' title='bbox 489 781 522 822; x_wconf 80' lang='lat' dir='ltr'>ea</span> <span class='ocrx_word' id='word_1_73' title='bbox 549 766 661 841; x_wconf 85' lang='lat' dir='ltr'>reliquae</span> <span class='ocrx_word' id='word_1_74' title='bbox 682 780 797 839; x_wconf 90' lang='lat' dir='ltr'>quoque</span> <span class='ocrx_word' id='word_1_75' title='bbox 820 764 932 821; x_wconf 81' lang='lat' dir='ltr'>virtutes</span> 
     </span>
     <span class='ocr_line' id='line_1_10' title="bbox 54 838 929 916; baseline 0 -20"><span class='ocrx_word' id='word_1_76' title='bbox 54 840 147 915; x_wconf 88' lang='lat' dir='ltr'>perse</span> <span class='ocrx_word' id='word_1_77' title='bbox 162 840 288 911; x_wconf 76' lang='lat' dir='ltr'>coleqdae</span> <span class='ocrx_word' id='word_1_78' title='bbox 308 840 378 901; x_wconf 82' lang='lat' dir='ltr'>su&#39;nt.</span> <span class='ocrx_word' id='word_1_79' title='bbox 416 838 522 916; x_wconf 84' lang='lat' dir='ltr'><strong>Quid?</strong></span> <span class='ocrx_word' id='word_1_80' title='bbox 540 841 681 900; x_wconf 84' lang='lat' dir='ltr'>liberalitas</span> <span class='ocrx_word' id='word_1_81' title='bbox 702 841 853 915; x_wconf 81' lang='lat' dir='ltr'>gratuitane</span> <span class='ocrx_word' id='word_1_82' title='bbox 867 839 904 897; x_wconf 92' lang='lat' dir='ltr'>est</span> <span class='ocrx_word' id='word_1_83' title='bbox 920 881 929 908; x_wconf 94' lang='lat'>,</span> 
     </span>
     <span class='ocr_line' id='line_1_11' title="bbox 54 913 1078 993; baseline 0.002 -20"><span class='ocrx_word' id='word_1_84' title='bbox 54 918 92 973; x_wconf 77' lang='lat' dir='ltr'>‘au</span> <span class='ocrx_word' id='word_1_85' title='bbox 107 919 276 976; x_wconf 79' lang='lat' dir='ltr'>mercenaria</span> <span class='ocrx_word' id='word_1_86' title='bbox 293 917 307 975; x_wconf 72' lang='lat' dir='ltr'>i</span> <span class='ocrx_word' id='word_1_87' title='bbox 325 917 346 976; x_wconf 85' lang='lat' dir='ltr'>sr</span> <span class='ocrx_word' id='word_1_88' title='bbox 360 916 417 975; x_wconf 87' lang='lat' dir='ltr'>fine</span> <span class='ocrx_word' id='word_1_89' title='bbox 431 919 549 993; x_wconf 78' lang='lat' dir='ltr'>praemio</span> <span class='ocrx_word' id='word_1_90' title='bbox 564 918 704 992; x_wconf 79' lang='lat' dir='ltr'>ubeuigna</span> <span class='ocrx_word' id='word_1_91' title='bbox 719 914 757 974; x_wconf 85' lang='lat' dir='ltr'>est</span> <span class='ocrx_word' id='word_1_92' title='bbox 772 958 781 983; x_wconf 90' lang='lat'>,</span> <span class='ocrx_word' id='word_1_93' title='bbox 800 917 925 989; x_wconf 80' lang='lat' dir='ltr'>gratuita:</span> <span class='ocrx_word' id='word_1_94' title='bbox 935 929 952 978; x_wconf 75' lang='lat' dir='ltr'>t</span> <span class='ocrx_word' id='word_1_95' title='bbox 962 913 1078 987; x_wconf 70' lang='lat' dir='ltr'>benignu.</span> 
     </span>
     <span class='ocr_line' id='line_1_12' title="bbox 55 983 989 1066; baseline 0 -16"><span class='ocrx_word' id='word_1_96' title='bbox 55 988 156 1051; x_wconf 85' lang='lat' dir='ltr'>ficum</span> <span class='ocrx_word' id='word_1_97' title='bbox 172 992 321 1063; x_wconf 85' lang='lat' dir='ltr'>mercede,</span> <span class='ocrx_word' id='word_1_98' title='bbox 342 992 494 1052; x_wconf 75' lang='lat' dir='ltr'>condutta:</span> <span class='ocrx_word' id='word_1_99' title='bbox 513 1011 567 1053; x_wconf 87' lang='lat' dir='ltr'>nec</span> <span class='ocrx_word' id='word_1_100' title='bbox 582 994 620 1052; x_wconf 85' lang='lat' dir='ltr'>est</span> <span class='ocrx_word' id='word_1_101' title='bbox 640 992 780 1059; x_wconf 88' lang='lat' dir='ltr'>dubium,</span> <span class='ocrx_word' id='word_1_102' title='bbox 799 991 866 1066; x_wconf 86' lang='lat' dir='ltr'>quin</span> <span class='ocrx_word' id='word_1_103' title='bbox 881 993 903 1050; x_wconf 79' lang='lat' dir='ltr'>is</span> <span class='ocrx_word' id='word_1_104' title='bbox 918 983 989 1060; x_wconf 62' lang='lat'>,⁶1⁶²</span> 
     </span>
     <span class='ocr_line' id='line_1_13' title="bbox 21 1067 927 1203; baseline 0.002 -78"><span class='ocrx_word' id='word_1_105' title='bbox 21 1110 25 1114; x_wconf 78' lang='grc'><em>.</em></span> <span class='ocrx_word' id='word_1_106' title='bbox 55 1067 106 1203; x_wconf 52' lang='lat' dir='ltr'>qui</span> <span class='ocrx_word' id='word_1_107' title='bbox 121 1068 235 1128; x_wconf 82' lang='lat' dir='ltr'>liberalis</span> <span class='ocrx_word' id='word_1_108' title='bbox 261 1071 430 1146; x_wconf 81' lang='lat' dir='ltr'>benignusve</span> <span class='ocrx_word' id='word_1_109' title='bbox 444 1069 561 1140; x_wconf 88' lang='lat' dir='ltr'>dicitur,</span> <span class='ocrx_word' id='word_1_110' title='bbox 577 1069 720 1138; x_wconf 86' lang='lat' dir='ltr'>officium,</span> <span class='ocrx_word' id='word_1_111' title='bbox 739 1067 927 1127; x_wconf 75' lang='lat' dir='ltr'>uonfruttum</span> 
     </span>
    </p>

    <p class='ocr_par' dir='ltr' id='par_1_3' title="bbox 55 1144 928 1372">
     <span class='ocr_line' id='line_1_14' title="bbox 68 1144 928 1222; baseline 0.001 -20"><span class='ocrx_word' id='word_1_112' title='bbox 68 1156 192 1219; x_wconf 82' lang='lat' dir='ltr'>equatur.</span> <span class='ocrx_word' id='word_1_113' title='bbox 229 1148 304 1222; x_wconf 83' lang='lat' dir='ltr'>Ergo</span> <span class='ocrx_word' id='word_1_114' title='bbox 316 1149 385 1206; x_wconf 89' lang='lat' dir='ltr'>item</span> <span class='ocrx_word' id='word_1_115' title='bbox 401 1144 505 1220; x_wconf 79' lang='lat' dir='ltr'>justitia</span> <span class='ocrx_word' id='word_1_116' title='bbox 524 1144 554 1187; x_wconf 82' lang='lat'>⁸⁶</span> <span class='ocrx_word' id='word_1_117' title='bbox 563 1146 629 1205; x_wconf 84' lang='lat' dir='ltr'>nihil</span> <span class='ocrx_word' id='word_1_118' title='bbox 648 1146 776 1220; x_wconf 84' lang='lat' dir='ltr'>exprimit</span> <span class='ocrx_word' id='word_1_119' title='bbox 794 1145 928 1218; x_wconf 84' lang='lat' dir='ltr'>praemii,</span> 
     </span>
     <span class='ocr_line' id='line_1_15' title="bbox 55 1220 928 1299; baseline 0.001 -20"><span class='ocrx_word' id='word_1_120' title='bbox 55 1220 125 1279; x_wconf 87' lang='lat' dir='ltr'>nihil</span> <span class='ocrx_word' id='word_1_121' title='bbox 139 1222 227 1296; x_wconf 90' lang='lat' dir='ltr'>pretii.</span> <span class='ocrx_word' id='word_1_122' title='bbox 264 1240 313 1298; x_wconf 93' lang='lat' dir='ltr'>per</span> <span class='ocrx_word' id='word_1_123' title='bbox 327 1222 353 1281; x_wconf 84' lang='lat' dir='ltr'>se</span> <span class='ocrx_word' id='word_1_124' title='bbox 368 1223 449 1297; x_wconf 87' lang='lat' dir='ltr'>igitur</span> <span class='ocrx_word' id='word_1_125' title='bbox 463 1222 608 1297; x_wconf 83' lang='lat' dir='ltr'>expetitur.</span> <span class='ocrx_word' id='word_1_126' title='bbox 629 1222 783 1299; x_wconf 78' lang='lat' dir='ltr'>eademque</span> <span class='ocrx_word' id='word_1_127' title='bbox 797 1221 928 1281; x_wconf 88' lang='lat' dir='ltr'>omnium</span> 
     </span>
     <span class='ocr_line' id='line_1_16' title="bbox 55 1295 618 1372; baseline -0.002 -15"><span class='ocrx_word' id='word_1_128' title='bbox 55 1295 192 1357; x_wconf 78' lang='lat' dir='ltr'>virtutum</span> <span class='ocrx_word' id='word_1_129' title='bbox 215 1299 292 1358; x_wconf 83' lang='lat' dir='ltr'>causa</span> <span class='ocrx_word' id='word_1_130' title='bbox 319 1308 402 1372; x_wconf 83' lang='lat' dir='ltr'>atque</span> <span class='ocrx_word' id='word_1_131' title='bbox 425 1296 557 1355; x_wconf 86' lang='lat' dir='ltr'>sententia</span> <span class='ocrx_word' id='word_1_132' title='bbox 572 1299 618 1356; x_wconf 89' lang='lat' dir='ltr'>est.</span> 
     </span>
    </p>

    <p class='ocr_par' dir='ltr' id='par_1_4' title="bbox 42 1372 1078 2045">
     <span class='ocr_line' id='line_1_17' title="bbox 93 1372 974 1451; baseline 0.001 -21"><span class='ocrx_word' id='word_1_133' title='bbox 93 1373 190 1448; x_wconf 80' lang='lat' dir='ltr'>Atque</span> <span class='ocrx_word' id='word_1_134' title='bbox 206 1375 290 1432; x_wconf 85' lang='lat' dir='ltr'>etiam</span> <span class='ocrx_word' id='word_1_135' title='bbox 306 1372 326 1431; x_wconf 83' lang='lat' dir='ltr'>fi</span> <span class='ocrx_word' id='word_1_136' title='bbox 342 1372 563 1451; x_wconf 78' lang='lat' dir='ltr'>emolumentis,</span> <span class='ocrx_word' id='word_1_137' title='bbox 582 1391 642 1432; x_wconf 89' lang='lat' dir='ltr'>non</span> <span class='ocrx_word' id='word_1_138' title='bbox 658 1372 740 1430; x_wconf 83' lang='lat' dir='ltr'>⁸⁷sua</span> <span class='ocrx_word' id='word_1_139' title='bbox 761 1372 857 1448; x_wconf 85' lang='lat' dir='ltr'>sponte</span> <span class='ocrx_word' id='word_1_140' title='bbox 873 1374 927 1432; x_wconf 88' lang='lat' dir='ltr'>vir·</span> <span class='ocrx_word' id='word_1_141' title='bbox 938 1389 974 1446; x_wconf 79' lang='lat'>49</span> 
     </span>
     <span class='ocr_line' id='line_1_18' title="bbox 55 1448 929 1525; baseline 0.002 -19"><span class='ocrx_word' id='word_1_142' title='bbox 55 1457 101 1525; x_wconf 78' lang='lat' dir='ltr'>tus</span> <span class='ocrx_word' id='word_1_143' title='bbox 115 1448 296 1523; x_wconf 68' lang='lat' dir='ltr'>expenditur,</span> <span class='ocrx_word' id='word_1_144' title='bbox 317 1467 371 1508; x_wconf 83' lang='lat' dir='ltr'>una</span> <span class='ocrx_word' id='word_1_145' title='bbox 385 1449 437 1507; x_wconf 90' lang='lat' dir='ltr'>erit</span> <span class='ocrx_word' id='word_1_146' title='bbox 449 1449 557 1518; x_wconf 85' lang='lat' dir='ltr'>virtus,</span> <span class='ocrx_word' id='word_1_147' title='bbox 577 1467 641 1525; x_wconf 81' lang='lat' dir='ltr'>quae</span> <span class='ocrx_word' id='word_1_148' title='bbox 662 1449 764 1506; x_wconf 83' lang='lat' dir='ltr'>mulitia</span> <span class='ocrx_word' id='word_1_149' title='bbox 786 1449 929 1508; x_wconf 73' lang='lat' dir='ltr'>rettissimie</span> 
     </span>
     <span class='ocr_line' id='line_1_19' title="bbox 42 1524 931 1602; baseline 0.001 -20"><span class='ocrx_word' id='word_1_150' title='bbox 42 1524 173 1589; x_wconf 63' lang='lat' dir='ltr'>dicetur.</span> <span class='ocrx_word' id='word_1_151' title='bbox 211 1526 254 1583; x_wconf 90' lang='lat' dir='ltr'>Ut</span> <span class='ocrx_word' id='word_1_152' title='bbox 274 1527 350 1587; x_wconf 90' lang='lat' dir='ltr'>enim</span> <span class='ocrx_word' id='word_1_153' title='bbox 372 1525 487 1602; x_wconf 87' lang='lat' dir='ltr'>quisque</span> <span class='ocrx_word' id='word_1_154' title='bbox 509 1524 632 1584; x_wconf 71' lang='lat' dir='ltr'>miximi</span> <span class='ocrx_word' id='word_1_155' title='bbox 652 1524 686 1582; x_wconf 84' lang='lat' dir='ltr'>ud</span> <span class='ocrx_word' id='word_1_156' title='bbox 706 1525 783 1582; x_wconf 91' lang='lat' dir='ltr'>suum</span> <span class='ocrx_word' id='word_1_157' title='bbox 797 1543 931 1583; x_wconf 87' lang='lat' dir='ltr'>commo·</span> 
     </span>
     <span class='ocr_line' id='line_1_20' title="bbox 57 1599 929 1678; baseline 0.001 -19"><span class='ocrx_word' id='word_1_158' title='bbox 57 1600 130 1659; x_wconf 90' lang='lat' dir='ltr'>dum</span> <span class='ocrx_word' id='word_1_159' title='bbox 145 1601 228 1660; x_wconf 86' lang='lat' dir='ltr'>refert</span> <span class='ocrx_word' id='word_1_160' title='bbox 243 1619 429 1677; x_wconf 84' lang='lat' dir='ltr'>quaecurpque</span> <span class='ocrx_word' id='word_1_161' title='bbox 443 1603 520 1678; x_wconf 87' lang='lat' dir='ltr'>agit,</span> <span class='ocrx_word' id='word_1_162' title='bbox 540 1602 577 1660; x_wconf 81' lang='lat' dir='ltr'>ita</span> <span class='ocrx_word' id='word_1_163' title='bbox 591 1599 709 1661; x_wconf 70' lang='lat' dir='ltr'>minime</span> <span class='ocrx_word' id='word_1_164' title='bbox 724 1601 762 1669; x_wconf 82' lang='lat' dir='ltr'>est</span> <span class='ocrx_word' id='word_1_165' title='bbox 776 1602 816 1658; x_wconf 89' lang='lat' dir='ltr'>vir</span> <span class='ocrx_word' id='word_1_166' title='bbox 831 1602 929 1671; x_wconf 85' lang='lat' dir='ltr'>bonus;</span> 
     </span>
     <span class='ocr_line' id='line_1_21' title="bbox 56 1677 1078 1753; baseline 0.005 -18"><span class='ocrx_word' id='word_1_167' title='bbox 56 1687 115 1744; x_wconf 90' lang='lat' dir='ltr'>ut,</span> <span class='ocrx_word' id='word_1_168' title='bbox 134 1678 183 1753; x_wconf 90' lang='lat' dir='ltr'>qui</span> <span class='ocrx_word' id='word_1_169' title='bbox 197 1678 327 1737; x_wconf 83' lang='lat' dir='ltr'>uirtutem</span> <span class='ocrx_word' id='word_1_170' title='bbox 341 1679 458 1753; x_wconf 85' lang='lat' dir='ltr'>praemio</span> <span class='ocrx_word' id='word_1_171' title='bbox 473 1679 624 1737; x_wconf 89' lang='lat' dir='ltr'>metiuntur</span> <span class='ocrx_word' id='word_1_172' title='bbox 640 1721 649 1747; x_wconf 90' lang='lat'>,</span> <span class='ocrx_word' id='word_1_173' title='bbox 668 1677 771 1737; x_wconf 84' lang='lat' dir='ltr'>nuliam</span> <span class='ocrx_word' id='word_1_174' title='bbox 787 1680 928 1748; x_wconf 85' lang='lat' dir='ltr'>virtutem,</span> <span class='ocrx_word' id='word_1_175' title='bbox 939 1692 1078 1752; x_wconf 65' lang='lat' dir='ltr'>metitur.</span> 
     </span>
     <span class='ocr_line' id='line_1_22' title="bbox 43 1752 930 1830; baseline 0.005 -20"><span class='ocrx_word' id='word_1_176' title='bbox 43 1752 108 1821; x_wconf 80' lang='lat' dir='ltr'>‘nisi</span> <span class='ocrx_word' id='word_1_177' title='bbox 123 1753 255 1812; x_wconf 83' lang='lat' dir='ltr'>malitiam</span> <span class='ocrx_word' id='word_1_178' title='bbox 274 1767 380 1830; x_wconf 87' lang='lat' dir='ltr'>putent.</span> <span class='ocrx_word' id='word_1_179' title='bbox 417 1754 475 1812; x_wconf 89' lang='lat' dir='ltr'>Ubi</span> <span class='ocrx_word' id='word_1_180' title='bbox 490 1755 564 1812; x_wconf 90' lang='lat' dir='ltr'>euim</span> <span class='ocrx_word' id='word_1_181' title='bbox 580 1753 735 1821; x_wconf 86' lang='lat' dir='ltr'>beneficus,</span> <span class='ocrx_word' id='word_1_182' title='bbox 755 1753 877 1813; x_wconf 82' lang='lat' dir='ltr'>sinemo</span> <span class='ocrx_word' id='word_1_183' title='bbox 892 1756 930 1814; x_wconf 85' lang='lat' dir='ltr'>al-</span> 
     </span>
     <span class='ocr_line' id='line_1_23' title="bbox 55 1828 929 1907; baseline 0.002 -20"><span class='ocrx_word' id='word_1_184' title='bbox 55 1830 141 1887; x_wconf 86' lang='lat' dir='ltr'>terius</span> <span class='ocrx_word' id='word_1_185' title='bbox 162 1829 239 1889; x_wconf 75' lang='lat' dir='ltr'>cauit</span> <span class='ocrx_word' id='word_1_186' title='bbox 258 1829 377 1907; x_wconf 65' lang='lat' dir='ltr'>benigni</span> <span class='ocrx_word' id='word_1_187' title='bbox 399 1829 493 1889; x_wconf 81' lang='lat' dir='ltr'>facit?</span> <span class='ocrx_word' id='word_1_188' title='bbox 512 1832 558 1888; x_wconf 90' lang='lat' dir='ltr'>ubi</span> <span class='ocrx_word' id='word_1_189' title='bbox 578 1843 668 1906; x_wconf 79' lang='lat' dir='ltr'>gratus</span> <span class='ocrx_word' id='word_1_190' title='bbox 685 1873 694 1898; x_wconf 90' lang='lat'>,</span> <span class='ocrx_word' id='word_1_191' title='bbox 714 1828 771 1887; x_wconf 75' lang='lat' dir='ltr'>tufi</span> <span class='ocrx_word' id='word_1_192' title='bbox 790 1848 848 1889; x_wconf 88' lang='lat' dir='ltr'>non</span> <span class='ocrx_word' id='word_1_193' title='bbox 863 1849 929 1890; x_wconf 87' lang='lat' dir='ltr'>eum</span> 
     </span>
     <span class='ocr_line' id='line_1_24' title="bbox 56 1904 1077 2045; baseline 0.003 -81"><span class='ocrx_word' id='word_1_194' title='bbox 56 1904 147 1981; x_wconf 89' lang='lat' dir='ltr'>ipsum</span> <span class='ocrx_word' id='word_1_195' title='bbox 167 1922 283 1983; x_wconf 78' lang='lat' dir='ltr'>cernunt</span> <span class='ocrx_word' id='word_1_196' title='bbox 301 1907 370 1987; x_wconf 66' lang='lat' dir='ltr'>grati</span> <span class='ocrx_word' id='word_1_197' title='bbox 395 1906 440 1968; x_wconf 86' lang='lat' dir='ltr'>cui</span> <span class='ocrx_word' id='word_1_198' title='bbox 459 1908 581 1979; x_wconf 81' lang='lat' dir='ltr'>referunt</span> <span class='ocrx_word' id='word_1_199' title='bbox 601 1909 723 1983; x_wconf 68' lang='lat' dir='ltr'>ggratiam</span> <span class='ocrx_word' id='word_1_200' title='bbox 745 1904 758 1966; x_wconf 75' lang='grc' dir='ltr'><strong><em>ἓ</em></strong></span> <span class='ocrx_word' id='word_1_201' title='bbox 796 1909 865 2044; x_wconf 50' lang='grc' dir='ltr'>ῆυὲὶ</span> <span class='ocrx_word' id='word_1_202' title='bbox 884 1908 953 2045; x_wconf 48' lang='grc' dir='ltr'>ὶέἐαᾳ</span> <span class='ocrx_word' id='word_1_203' title='bbox 970 1921 1013 1977; x_wconf 66' lang='lat' dir='ltr'>pur</span> <span class='ocrx_word' id='word_1_204' title='bbox 1028 1923 1077 1979; x_wconf 63' lang='lat' dir='ltr'>un.</span> 
     </span>
    </p>

    <p class='ocr_par' dir='ltr' id='par_1_5' title="bbox 848 1988 993 2053">
     <span class='ocr_line' id='line_1_25' title="bbox 848 1988 993 2053; baseline 0.028 -19"><span class='ocrx_word' id='word_1_205' title='bbox 848 2002 882 2045; x_wconf 79' lang='lat' dir='ltr'>an</span> <span class='ocrx_word' id='word_1_206' title='bbox 912 1988 993 2053; x_wconf 60' lang='grc' dir='ltr'>μήθ.</span> 
     </span>
    </p>
   </div>
   <div class='ocr_carea' id='block_1_3' title="bbox 47 2135 941 3581">
    <p class='ocr_par' dir='ltr' id='par_1_6' title="bbox 54 2135 928 2439">
     <span class='ocr_line' id='line_1_26' title="bbox 89 2135 926 2199; baseline 0.001 -14"><span class='ocrx_word' id='word_1_207' title='bbox 89 2144 128 2190; x_wconf 77' lang='lat'>⁸5·</span> <span class='ocrx_word' id='word_1_208' title='bbox 146 2139 183 2184; x_wconf 79' lang='lat' dir='ltr'>Sic</span> <span class='ocrx_word' id='word_1_209' title='bbox 193 2139 271 2196; x_wconf 65' lang='lat' dir='ltr'>ineu]</span> <span class='ocrx_word' id='word_1_210' title='bbox 299 2142 356 2187; x_wconf 84' lang='lat' dir='ltr'>Haee</span> <span class='ocrx_word' id='word_1_211' title='bbox 367 2148 433 2186; x_wconf 77' lang='lat' dir='ltr'>vetus</span> <span class='ocrx_word' id='word_1_212' title='bbox 449 2138 607 2191; x_wconf 88' lang='lat' dir='ltr'>&amp;bonorum</span> <span class='ocrx_word' id='word_1_213' title='bbox 623 2136 735 2187; x_wconf 87' lang='lat' dir='ltr'>librorum</span> <span class='ocrx_word' id='word_1_214' title='bbox 753 2135 861 2199; x_wconf 74' lang='lat' dir='ltr'>scriptura</span> <span class='ocrx_word' id='word_1_215' title='bbox 876 2137 926 2195; x_wconf 87' lang='lat' dir='ltr'>est,</span> 
     </span>
     <span class='ocr_line' id='line_1_27' title="bbox 54 2195 928 2265; baseline 0.001 -18"><span class='ocrx_word' id='word_1_216' title='bbox 54 2195 137 2262; x_wconf 77' lang='lat' dir='ltr'>estque</span> <span class='ocrx_word' id='word_1_217' title='bbox 159 2200 209 2249; x_wconf 85' lang='lat' dir='ltr'>haee</span> <span class='ocrx_word' id='word_1_218' title='bbox 221 2199 338 2250; x_wconf 76' lang='lat' dir='ltr'>sententia</span> <span class='ocrx_word' id='word_1_219' title='bbox 354 2203 425 2265; x_wconf 85' lang='lat' dir='ltr'>plane</span> <span class='ocrx_word' id='word_1_220' title='bbox 444 2204 528 2252; x_wconf 84' lang='lat' dir='ltr'>stoica.</span> <span class='ocrx_word' id='word_1_221' title='bbox 559 2205 625 2249; x_wconf 83' lang='lat' dir='ltr'>Nam</span> <span class='ocrx_word' id='word_1_222' title='bbox 646 2202 717 2249; x_wconf 82' lang='lat' dir='ltr'>Stoici</span> <span class='ocrx_word' id='word_1_223' title='bbox 735 2201 760 2249; x_wconf 88' lang='lat' dir='ltr'>in</span> <span class='ocrx_word' id='word_1_224' title='bbox 779 2215 827 2247; x_wconf 85' lang='lat' dir='ltr'>una</span> <span class='ocrx_word' id='word_1_225' title='bbox 842 2200 928 2254; x_wconf 80' lang='lat' dir='ltr'>virture</span> 
     </span>
     <span class='ocr_line' id='line_1_28' title="bbox 55 2259 927 2325; baseline 0.005 -17"><span class='ocrx_word' id='word_1_226' title='bbox 55 2262 131 2311; x_wconf 83' lang='lat' dir='ltr'>etiam</span> <span class='ocrx_word' id='word_1_227' title='bbox 142 2264 244 2325; x_wconf 79' lang='lat' dir='ltr'>reliquas</span> <span class='ocrx_word' id='word_1_228' title='bbox 259 2259 331 2313; x_wconf 86' lang='lat' dir='ltr'>inesse</span> <span class='ocrx_word' id='word_1_229' title='bbox 347 2264 457 2323; x_wconf 84' lang='lat' dir='ltr'>cernique</span> <span class='ocrx_word' id='word_1_230' title='bbox 472 2263 575 2314; x_wconf 86' lang='lat' dir='ltr'>censent.</span> <span class='ocrx_word' id='word_1_231' title='bbox 609 2268 665 2312; x_wconf 86' lang='lat' dir='ltr'>suut</span> <span class='ocrx_word' id='word_1_232' title='bbox 682 2265 746 2312; x_wconf 90' lang='lat' dir='ltr'>enim</span> <span class='ocrx_word' id='word_1_233' title='bbox 763 2263 857 2311; x_wconf 82' lang='lat' dir='ltr'>virtutes</span> <span class='ocrx_word' id='word_1_234' title='bbox 874 2263 927 2325; x_wconf 77' lang='lat' dir='ltr'>ipsae</span> 
     </span>
     <span class='ocr_line' id='line_1_29' title="bbox 54 2323 927 2433; baseline 0.009 -63"><span class='ocrx_word' id='word_1_235' title='bbox 54 2323 153 2433; x_wconf 50' lang='grc' dir='ltr'>ἰΐηῑοῐώίε</span> <span class='ocrx_word' id='word_1_236' title='bbox 164 2328 282 2390; x_wconf 73' lang='lat' dir='ltr'>colligate</span> <span class='ocrx_word' id='word_1_237' title='bbox 293 2329 318 2376; x_wconf 75' lang='grc' dir='ltr'>δι</span> <span class='ocrx_word' id='word_1_238' title='bbox 331 2326 469 2390; x_wconf 69' lang='lat' dir='ltr'>implicata,</span> <span class='ocrx_word' id='word_1_239' title='bbox 486 2331 512 2378; x_wconf 77' lang='grc' dir='ltr'>ὃι</span> <span class='ocrx_word' id='word_1_240' title='bbox 523 2327 565 2389; x_wconf 87' lang='lat' dir='ltr'>qui</span> <span class='ocrx_word' id='word_1_241' title='bbox 574 2341 646 2375; x_wconf 83' lang='lat' dir='ltr'>uuam</span> <span class='ocrx_word' id='word_1_242' title='bbox 657 2326 725 2374; x_wconf 82' lang='lat' dir='ltr'>haber</span> <span class='ocrx_word' id='word_1_243' title='bbox 736 2326 837 2388; x_wconf 84' lang='lat' dir='ltr'>reliquas</span> <span class='ocrx_word' id='word_1_244' title='bbox 848 2325 927 2379; x_wconf 81' lang='lat' dir='ltr'>habet.</span> 
     </span>
     <span class='ocr_line' id='line_1_30' title="bbox 75 2404 171 2439; baseline -0.01 -4"><span class='ocrx_word' id='word_1_245' title='bbox 75 2404 116 2435; x_wconf 82' lang='lat' dir='ltr'>urn</span> <span class='ocrx_word' id='word_1_246' title='bbox 139 2404 171 2439; x_wconf 74' lang='lat' dir='ltr'>us.</span> 
     </span>
    </p>

    <p class='ocr_par' dir='ltr' id='par_1_7' title="bbox 90 2449 927 2515">
     <span class='ocr_line' id='line_1_31' title="bbox 90 2449 927 2515; baseline 0.006 -19"><span class='ocrx_word' id='word_1_247' title='bbox 90 2458 127 2498; x_wconf 75' lang='lat'>8⁶.</span> <span class='ocrx_word' id='word_1_248' title='bbox 147 2454 210 2498; x_wconf 72' lang='lat' dir='ltr'>uiuit</span> <span class='ocrx_word' id='word_1_249' title='bbox 219 2450 321 2513; x_wconf 67' lang='lat' dir='ltr'>suprimie</span> <span class='ocrx_word' id='word_1_250' title='bbox 331 2453 442 2514; x_wconf 57' lang='lat' dir='ltr'>prumia]</span> <span class='ocrx_word' id='word_1_251' title='bbox 471 2453 506 2502; x_wconf 84' lang='lat' dir='ltr'>Sic</span> <span class='ocrx_word' id='word_1_252' title='bbox 522 2452 570 2502; x_wconf 77' lang='lat' dir='ltr'>Pri.</span> <span class='ocrx_word' id='word_1_253' title='bbox 586 2464 663 2515; x_wconf 84' lang='lat' dir='ltr'>quart.</span> <span class='ocrx_word' id='word_1_254' title='bbox 682 2450 771 2500; x_wconf 82' lang='lat' dir='ltr'>Fabric.</span> <span class='ocrx_word' id='word_1_255' title='bbox 787 2449 892 2512; x_wconf 89' lang='lat' dir='ltr'>editique</span> <span class='ocrx_word' id='word_1_256' title='bbox 912 2450 927 2501; x_wconf 63' lang='grc' dir='ltr'>ἢ</span> 
     </span>
    </p>

    <p class='ocr_par' dir='ltr' id='par_1_8' title="bbox 47 2512 927 3140">
     <span class='ocr_line' id='line_1_32' title="bbox 58 2512 927 2578; baseline 0.001 -17"><span class='ocrx_word' id='word_1_257' title='bbox 58 2512 181 2561; x_wconf 84' lang='lat' dir='ltr'>Turnebo.</span> <span class='ocrx_word' id='word_1_258' title='bbox 196 2517 386 2578; x_wconf 76' lang='lat' dir='ltr'>vulgataeuperir.</span> <span class='ocrx_word' id='word_1_259' title='bbox 403 2518 495 2567; x_wconf 83' lang='lat' dir='ltr'>Gruter.</span> <span class='ocrx_word' id='word_1_260' title='bbox 529 2517 591 2562; x_wconf 72' lang='lat' dir='ltr'>Nihil</span> <span class='ocrx_word' id='word_1_261' title='bbox 607 2518 726 2576; x_wconf 57' lang='lat' dir='ltr'>exprimit]</span> <span class='ocrx_word' id='word_1_262' title='bbox 755 2513 781 2562; x_wconf 89' lang='lat' dir='ltr'>ld</span> <span class='ocrx_word' id='word_1_263' title='bbox 797 2514 830 2565; x_wconf 88' lang='lat' dir='ltr'>est</span> <span class='ocrx_word' id='word_1_264' title='bbox 845 2528 927 2562; x_wconf 84' lang='lat' dir='ltr'>error·</span> 
     </span>
     <span class='ocr_line' id='line_1_33' title="bbox 54 2575 926 2648; baseline 0.003 -25"><span class='ocrx_word' id='word_1_265' title='bbox 54 2588 128 2637; x_wconf 89' lang='lat' dir='ltr'>quet,</span> <span class='ocrx_word' id='word_1_266' title='bbox 139 2577 230 2648; x_wconf 73' lang='lat' dir='ltr'>praetuii</span> <span class='ocrx_word' id='word_1_267' title='bbox 241 2577 326 2626; x_wconf 84' lang='lat' dir='ltr'>icilicet</span> <span class='ocrx_word' id='word_1_268' title='bbox 336 2575 413 2626; x_wconf 69' lang='lat' dir='ltr'>causi.</span> <span class='ocrx_word' id='word_1_269' title='bbox 428 2595 478 2628; x_wconf 88' lang='lat' dir='ltr'>nou</span> <span class='ocrx_word' id='word_1_270' title='bbox 489 2580 654 2627; x_wconf 77' lang='lat' dir='ltr'>intellexerunt</span> <span class='ocrx_word' id='word_1_271' title='bbox 670 2577 743 2640; x_wconf 71' lang='lat' dir='ltr'>vulgo</span> <span class='ocrx_word' id='word_1_272' title='bbox 759 2579 806 2626; x_wconf 89' lang='lat' dir='ltr'>hoc</span> <span class='ocrx_word' id='word_1_273' title='bbox 824 2576 926 2626; x_wconf 83' lang='lat' dir='ltr'>vocabu·</span> 
     </span>
     <span class='ocr_line' id='line_1_34' title="bbox 53 2637 924 2703; baseline 0.006 -18"><span class='ocrx_word' id='word_1_274' title='bbox 53 2637 122 2693; x_wconf 87' lang='lat' dir='ltr'>ium,</span> <span class='ocrx_word' id='word_1_275' title='bbox 138 2652 219 2699; x_wconf 76' lang='lat' dir='ltr'>unque</span> <span class='ocrx_word' id='word_1_276' title='bbox 229 2652 259 2686; x_wconf 84' lang='lat' dir='ltr'>ex</span> <span class='ocrx_word' id='word_1_277' title='bbox 273 2653 304 2687; x_wconf 90' lang='lat' dir='ltr'>eo</span> <span class='ocrx_word' id='word_1_278' title='bbox 319 2639 423 2688; x_wconf 83' lang='lat' dir='ltr'>fecerunt</span> <span class='ocrx_word' id='word_1_279' title='bbox 438 2646 523 2701; x_wconf 74' lang='lat' dir='ltr'>expetit.</span> <span class='ocrx_word' id='word_1_280' title='bbox 556 2640 643 2689; x_wconf 79' lang='lat' dir='ltr'>Noster</span> <span class='ocrx_word' id='word_1_281' title='bbox 657 2641 683 2688; x_wconf 88' lang='lat' dir='ltr'>iu</span> <span class='ocrx_word' id='word_1_282' title='bbox 700 2644 768 2689; x_wconf 83' lang='lat' dir='ltr'>Orat.</span> <span class='ocrx_word' id='word_1_283' title='bbox 784 2655 828 2703; x_wconf 86' lang='lat' dir='ltr'>pro</span> <span class='ocrx_word' id='word_1_284' title='bbox 841 2644 924 2700; x_wconf 80' lang='lat' dir='ltr'>Quint.</span> 
     </span>
     <span class='ocr_line' id='line_1_35' title="bbox 52 2694 925 2766; baseline 0.001 -18"><span class='ocrx_word' id='word_1_285' title='bbox 52 2694 230 2765; x_wconf 62' lang='lat' dir='ltr'>Batorqmdum</span> <span class='ocrx_word' id='word_1_286' title='bbox 239 2701 267 2760; x_wconf 75' lang='lat' dir='ltr'>est</span> <span class='ocrx_word' id='word_1_287' title='bbox 281 2705 352 2748; x_wconf 74' lang='lat' dir='ltr'>inviro</span> <span class='ocrx_word' id='word_1_288' title='bbox 363 2716 426 2766; x_wconf 78' lang='lat' dir='ltr'>atque</span> <span class='ocrx_word' id='word_1_289' title='bbox 441 2705 540 2766; x_wconf 79' lang='lat' dir='ltr'>ingratiis</span> <span class='ocrx_word' id='word_1_290' title='bbox 553 2737 560 2753; x_wconf 83' lang='lat'>,</span> <span class='ocrx_word' id='word_1_291' title='bbox 575 2708 631 2766; x_wconf 75' lang='lat' dir='ltr'>qued</span> <span class='ocrx_word' id='word_1_292' title='bbox 646 2720 685 2747; x_wconf 78' lang='lat' dir='ltr'>non</span> <span class='ocrx_word' id='word_1_293' title='bbox 702 2706 776 2758; x_wconf 79' lang='lat' dir='ltr'>debet,</span> <span class='ocrx_word' id='word_1_294' title='bbox 792 2706 925 2764; x_wconf 77' lang='lat' dir='ltr'>eripiendum</span> 
     </span>
     <span class='ocr_line' id='line_1_36' title="bbox 51 2761 723 2829; baseline 0.006 -20"><span class='ocrx_word' id='word_1_295' title='bbox 51 2776 119 2829; x_wconf 59' lang='lat' dir='ltr'>quque</span> <span class='ocrx_word' id='word_1_296' title='bbox 129 2767 289 2826; x_wconf 69' lang='lat' dir='ltr'>exprimendum</span> <span class='ocrx_word' id='word_1_297' title='bbox 297 2765 326 2825; x_wconf 75' lang='lat' dir='ltr'>est</span> <span class='ocrx_word' id='word_1_298' title='bbox 334 2766 360 2811; x_wconf 82' lang='lat' dir='ltr'>de</span> <span class='ocrx_word' id='word_1_299' title='bbox 370 2764 471 2823; x_wconf 75' lang='lat' dir='ltr'>forruiu&#39;s</span> <span class='ocrx_word' id='word_1_300' title='bbox 480 2769 583 2814; x_wconf 79' lang='lat' dir='ltr'>omnibus.</span> <span class='ocrx_word' id='word_1_301' title='bbox 616 2761 723 2815; x_wconf 77' lang='lat' dir='ltr'>Sebeffer.</span> 
     </span>
     <span class='ocr_line' id='line_1_37' title="bbox 87 2826 925 2937; baseline 0.001 -65"><span class='ocrx_word' id='word_1_302' title='bbox 87 2834 126 2878; x_wconf 80' lang='lat'>87.</span> <span class='ocrx_word' id='word_1_303' title='bbox 143 2827 266 2937; x_wconf 57' lang='grc' dir='ltr'>ὃικζζοω</span> <span class='ocrx_word' id='word_1_304' title='bbox 275 2830 348 2875; x_wconf 78' lang='lat' dir='ltr'>uirtus</span> <span class='ocrx_word' id='word_1_305' title='bbox 358 2830 506 2884; x_wconf 62' lang='lat' dir='ltr'>tumultun]</span> <span class='ocrx_word' id='word_1_306' title='bbox 519 2828 558 2877; x_wconf 83' lang='lat' dir='ltr'>Est</span> <span class='ocrx_word' id='word_1_307' title='bbox 571 2828 694 2877; x_wconf 73' lang='lat' dir='ltr'>tvtttor‘u</span> <span class='ocrx_word' id='word_1_308' title='bbox 703 2826 820 2880; x_wconf 83' lang='lat' dir='ltr'>editione,</span> <span class='ocrx_word' id='word_1_309' title='bbox 837 2827 872 2873; x_wconf 91' lang='lat' dir='ltr'>cui</span> <span class='ocrx_word' id='word_1_310' title='bbox 884 2839 925 2873; x_wconf 77' lang='lat' dir='ltr'>ae·</span> 
     </span>
     <span class='ocr_line' id='line_1_38' title="bbox 52 2887 924 2953; baseline 0.001 -14"><span class='ocrx_word' id='word_1_311' title='bbox 52 2887 116 2939; x_wconf 69' lang='lat' dir='ltr'>pedit</span> <span class='ocrx_word' id='word_1_312' title='bbox 127 2894 191 2939; x_wconf 86' lang='lat' dir='ltr'>Turn</span> <span class='ocrx_word' id='word_1_313' title='bbox 223 2891 292 2946; x_wconf 80' lang='lat' dir='ltr'>imru,</span> <span class='ocrx_word' id='word_1_314' title='bbox 311 2888 353 2938; x_wconf 88' lang='lat' dir='ltr'>nifi</span> <span class='ocrx_word' id='word_1_315' title='bbox 363 2890 429 2953; x_wconf 84' lang='lat' dir='ltr'>quod</span> <span class='ocrx_word' id='word_1_316' title='bbox 443 2905 471 2938; x_wconf 86' lang='lat' dir='ltr'>ert</span> <span class='ocrx_word' id='word_1_317' title='bbox 484 2892 565 2950; x_wconf 76' lang='lat' dir='ltr'>suapte.</span> <span class='ocrx_word' id='word_1_318' title='bbox 599 2890 681 2938; x_wconf 80' lang='lat' dir='ltr'>Minus</span> <span class='ocrx_word' id='word_1_319' title='bbox 695 2889 774 2936; x_wconf 75' lang='lat' dir='ltr'>reste:</span> <span class='ocrx_word' id='word_1_320' title='bbox 793 2890 857 2949; x_wconf 88' lang='lat' dir='ltr'>quod</span> <span class='ocrx_word' id='word_1_321' title='bbox 869 2889 924 2940; x_wconf 83' lang='lat' dir='ltr'>inde</span> 
     </span>
     <span class='ocr_line' id='line_1_39' title="bbox 52 2951 924 3015; baseline 0 -14"><span class='ocrx_word' id='word_1_322' title='bbox 52 2951 354 3015; x_wconf 74' lang='lat' dir='ltr'>cottigoquodmffinostrt</span> <span class='ocrx_word' id='word_1_323' title='bbox 364 2953 595 3015; x_wconf 79' lang='lat' dir='ltr'>quatuorexhibeant</span> <span class='ocrx_word' id='word_1_324' title='bbox 608 2952 684 3000; x_wconf 83' lang='lat' dir='ltr'>soiitm</span> <span class='ocrx_word' id='word_1_325' title='bbox 689 2953 776 3012; x_wconf 78' lang='lat' dir='ltr'>suapte,</span> <span class='ocrx_word' id='word_1_326' title='bbox 794 2967 842 2998; x_wconf 89' lang='lat' dir='ltr'>non</span> <span class='ocrx_word' id='word_1_327' title='bbox 850 2953 924 3001; x_wconf 81' lang='lat' dir='ltr'>eriam</span> 
     </span>
     <span class='ocr_line' id='line_1_40' title="bbox 47 3013 925 3077; baseline -0.001 -15"><span class='ocrx_word' id='word_1_328' title='bbox 47 3014 136 3077; x_wconf 79' lang='lat' dir='ltr'>sponte,</span> <span class='ocrx_word' id='word_1_329' title='bbox 150 3013 645 3077; x_wconf 79' lang='lat' dir='ltr'>tanquamfiutraquevoxconflatueffetiu</span> <span class='ocrx_word' id='word_1_330' title='bbox 654 3029 735 3063; x_wconf 85' lang='lat' dir='ltr'>unam.</span> <span class='ocrx_word' id='word_1_331' title='bbox 748 3015 826 3077; x_wconf 81' lang='lat' dir='ltr'>vulgg.</span> <span class='ocrx_word' id='word_1_332' title='bbox 832 3013 874 3074; x_wconf 64' lang='lat' dir='ltr'>tud</span> <span class='ocrx_word' id='word_1_333' title='bbox 884 3031 925 3063; x_wconf 80' lang='lat' dir='ltr'>rra·</span> 
     </span>
     <span class='ocr_line' id='line_1_41' title="bbox 49 3075 436 3140; baseline 0.01 -14"><span class='ocrx_word' id='word_1_334' title='bbox 49 3075 309 3140; x_wconf 67' lang='lat' dir='ltr'>&#39;mrivirrusexperitun</span> <span class='ocrx_word' id='word_1_335' title='bbox 343 3082 436 3130; x_wconf 84' lang='lat' dir='ltr'>Gruter.</span> 
     </span>
    </p>

    <p class='ocr_par' dir='ltr' id='par_1_9' title="bbox 52 3138 941 3581">
     <span class='ocr_line' id='line_1_42' title="bbox 87 3138 927 3202; baseline 0 -15"><span class='ocrx_word' id='word_1_336' title='bbox 87 3148 124 3188; x_wconf 79' lang='lat'>88.</span> <span class='ocrx_word' id='word_1_337' title='bbox 142 3142 169 3187; x_wconf 67' lang='grc' dir='ltr'>δι</span> <span class='ocrx_word' id='word_1_338' title='bbox 178 3158 218 3187; x_wconf 82' lang='lat' dir='ltr'>non</span> <span class='ocrx_word' id='word_1_339' title='bbox 227 3157 275 3187; x_wconf 80' lang='lat' dir='ltr'>nrm</span> <span class='ocrx_word' id='word_1_340' title='bbox 286 3140 354 3202; x_wconf 80' lang='lat' dir='ltr'>r&#39;psrun</span> <span class='ocrx_word' id='word_1_341' title='bbox 365 3154 452 3187; x_wconf 78' lang='lat' dir='ltr'>cernunt</span> <span class='ocrx_word' id='word_1_342' title='bbox 459 3141 520 3200; x_wconf 71' lang='lat' dir='ltr'>prati</span> <span class='ocrx_word' id='word_1_343' title='bbox 533 3142 569 3186; x_wconf 82' lang='lat' dir='ltr'>cui</span> <span class='ocrx_word' id='word_1_344' title='bbox 578 3138 672 3198; x_wconf 79' lang='lat' dir='ltr'>referunt</span> <span class='ocrx_word' id='word_1_345' title='bbox 685 3142 782 3200; x_wconf 79' lang='lat' dir='ltr'>gratiam</span> <span class='ocrx_word' id='word_1_346' title='bbox 797 3146 823 3198; x_wconf 63' lang='grc' dir='ltr'>Ρ]</span> <span class='ocrx_word' id='word_1_347' title='bbox 856 3138 895 3187; x_wconf 82' lang='lat' dir='ltr'>Est</span> <span class='ocrx_word' id='word_1_348' title='bbox 911 3140 927 3199; x_wconf 59' lang='lat' dir='ltr'>i</span> 
     </span>
     <span class='ocr_line' id='line_1_43' title="bbox 55 3201 941 3266; baseline 0.001 -16"><span class='ocrx_word' id='word_1_349' title='bbox 55 3202 140 3251; x_wconf 65' lang='lat' dir='ltr'>rainer.</span> <span class='ocrx_word' id='word_1_350' title='bbox 167 3203 225 3251; x_wconf 88' lang='lat' dir='ltr'>item</span> <span class='ocrx_word' id='word_1_351' title='bbox 245 3202 310 3253; x_wconf 82' lang='lat' dir='ltr'>Fabt.</span> <span class='ocrx_word' id='word_1_352' title='bbox 334 3203 490 3266; x_wconf 72' lang='lat' dir='ltr'>expressitque</span> <span class='ocrx_word' id='word_1_353' title='bbox 506 3203 581 3250; x_wconf 84' lang='lat' dir='ltr'>Aldus</span> <span class='ocrx_word' id='word_1_354' title='bbox 603 3205 693 3264; x_wconf 76' lang='lat' dir='ltr'>Nepos.</span> <span class='ocrx_word' id='word_1_355' title='bbox 713 3217 788 3264; x_wconf 85' lang='lat' dir='ltr'>neque</span> <span class='ocrx_word' id='word_1_356' title='bbox 812 3201 941 3252; x_wconf 85' lang='lat' dir='ltr'>recedunt·</span> 
     </span>
     <span class='ocr_line' id='line_1_44' title="bbox 55 3260 928 3329; baseline 0.001 -18"><span class='ocrx_word' id='word_1_357' title='bbox 55 3260 174 3313; x_wconf 56' lang='lat' dir='ltr'>vimorius</span> <span class='ocrx_word' id='word_1_358' title='bbox 188 3279 228 3314; x_wconf 79' lang='lat' dir='ltr'>aut</span> <span class='ocrx_word' id='word_1_359' title='bbox 243 3266 379 3318; x_wconf 82' lang='lat' dir='ltr'>Turnebus.</span> <span class='ocrx_word' id='word_1_360' title='bbox 402 3265 444 3314; x_wconf 84' lang='lat' dir='ltr'>nist</span> <span class='ocrx_word' id='word_1_361' title='bbox 460 3266 526 3329; x_wconf 88' lang='lat' dir='ltr'>quod</span> <span class='ocrx_word' id='word_1_362' title='bbox 540 3265 574 3321; x_wconf 90' lang='lat' dir='ltr'>ii,</span> <span class='ocrx_word' id='word_1_363' title='bbox 601 3265 639 3325; x_wconf 78' lang='lat' dir='ltr'>ipſs</span> <span class='ocrx_word' id='word_1_364' title='bbox 663 3280 756 3315; x_wconf 78' lang='lat' dir='ltr'>cernunt.</span> <span class='ocrx_word' id='word_1_365' title='bbox 771 3263 828 3313; x_wconf 87' lang='lat' dir='ltr'>iiber</span> <span class='ocrx_word' id='word_1_366' title='bbox 846 3270 866 3313; x_wconf 87' lang='lat' dir='ltr'>S.</span> <span class='ocrx_word' id='word_1_367' title='bbox 887 3265 928 3313; x_wconf 89' lang='lat' dir='ltr'>vi-</span> 
     </span>
     <span class='ocr_line' id='line_1_45' title="bbox 55 3326 926 3391; baseline -0.003 -16"><span class='ocrx_word' id='word_1_368' title='bbox 55 3326 127 3391; x_wconf 68' lang='grc' dir='ltr'><strong>ἃοιξο</strong></span> <span class='ocrx_word' id='word_1_369' title='bbox 136 3326 208 3377; x_wconf 79' lang='lat' dir='ltr'>habet</span> <span class='ocrx_word' id='word_1_370' title='bbox 224 3341 338 3377; x_wconf 74' lang='lat' dir='ltr'>tantum:</span> <span class='ocrx_word' id='word_1_371' title='bbox 360 3330 381 3388; x_wconf 82' lang='lat' dir='ltr'><em>st</em></span> <span class='ocrx_word' id='word_1_372' title='bbox 396 3348 436 3377; x_wconf 82' lang='lat' dir='ltr'>non</span> <span class='ocrx_word' id='word_1_373' title='bbox 451 3347 499 3376; x_wconf 80' lang='lat' dir='ltr'>erem</span> <span class='ocrx_word' id='word_1_374' title='bbox 515 3326 554 3389; x_wconf 80' lang='lat' dir='ltr'>ipst</span> <span class='ocrx_word' id='word_1_375' title='bbox 569 3340 654 3375; x_wconf 81' lang='lat' dir='ltr'>cernunt</span> <span class='ocrx_word' id='word_1_376' title='bbox 665 3334 726 3389; x_wconf 77' lang='lat' dir='ltr'>greti</span> <span class='ocrx_word' id='word_1_377' title='bbox 741 3337 753 3375; x_wconf 69' lang='lat' dir='ltr'>t</span> <span class='ocrx_word' id='word_1_378' title='bbox 769 3331 806 3375; x_wconf 81' lang='lat' dir='ltr'>ubi</span> <span class='ocrx_word' id='word_1_379' title='bbox 821 3331 864 3374; x_wconf 80' lang='lat' dir='ltr'>itta</span> <span class='ocrx_word' id='word_1_380' title='bbox 879 3330 926 3380; x_wconf 68' lang='lat' dir='ltr'>duc,</span> 
     </span>
     <span class='ocr_line' id='line_1_46' title="bbox 52 3389 926 3517; baseline -0.001 -80"><span class='ocrx_word' id='word_1_381' title='bbox 52 3401 110 3517; x_wconf 61' lang='grc' dir='ltr'>ιρηῐο</span> <span class='ocrx_word' id='word_1_382' title='bbox 124 3389 192 3452; x_wconf 83' lang='lat' dir='ltr'>cufi,</span> <span class='ocrx_word' id='word_1_383' title='bbox 208 3408 258 3442; x_wconf 78' lang='lat' dir='ltr'>eum</span> <span class='ocrx_word' id='word_1_384' title='bbox 271 3392 339 3456; x_wconf 52' lang='lat' dir='ltr'>tysiam</span> <span class='ocrx_word' id='word_1_385' title='bbox 355 3425 364 3452; x_wconf 88' lang='lat'>,</span> <span class='ocrx_word' id='word_1_386' title='bbox 392 3396 429 3444; x_wconf 75' lang='lat' dir='ltr'>cai</span> <span class='ocrx_word' id='word_1_387' title='bbox 444 3392 538 3452; x_wconf 71' lang='lat' dir='ltr'>reserarit</span> <span class='ocrx_word' id='word_1_388' title='bbox 548 3394 666 3453; x_wconf 78' lang='lat' dir='ltr'>gratiam,</span> <span class='ocrx_word' id='word_1_389' title='bbox 687 3390 726 3455; x_wconf 82' lang='lat' dir='ltr'>ipfi</span> <span class='ocrx_word' id='word_1_390' title='bbox 740 3404 825 3441; x_wconf 76' lang='lat' dir='ltr'>ceram</span> <span class='ocrx_word' id='word_1_391' title='bbox 834 3395 895 3453; x_wconf 70' lang='lat' dir='ltr'>grau*</span> <span class='ocrx_word' id='word_1_392' title='bbox 912 3398 926 3437; x_wconf 75' lang='lat'>,²</span> 
     </span>
     <span class='ocr_line' id='line_1_47' title="bbox 434 3521 927 3581; baseline -0.002 -15"><span class='ocrx_word' id='word_1_393' title='bbox 434 3525 478 3578; x_wconf 78' lang='lat' dir='ltr'>ccc</span> <span class='ocrx_word' id='word_1_394' title='bbox 492 3535 533 3568; x_wconf 83' lang='lat' dir='ltr'>ccc</span> <span class='ocrx_word' id='word_1_395' title='bbox 547 3534 588 3581; x_wconf 68' lang='lat' dir='ltr'>rep</span> <span class='ocrx_word' id='word_1_396' title='bbox 603 3536 614 3567; x_wconf 87' lang='lat' dir='ltr'><em>c</em></span> <span class='ocrx_word' id='word_1_397' title='bbox 631 3532 642 3577; x_wconf 84' lang='lat'><em>5</em></span> <span class='ocrx_word' id='word_1_398' title='bbox 826 3525 863 3572; x_wconf 71' lang='lat'>89·</span> <span class='ocrx_word' id='word_1_399' title='bbox 880 3521 927 3572; x_wconf 71' lang='lat' dir='ltr'>Nm</span> 
     </span>
    </p>
   </div>
   <div class='ocr_carea' id='block_1_4' title="bbox 0 0 1152 3908">
    <p class='ocr_par' dir='ltr' id='par_1_10' title="bbox 0 0 1152 3908">
     <span class='ocr_line' id='line_1_48' title="bbox 0 0 1152 3908; baseline 0 1"><span class='ocrx_word' id='word_1_400' title='bbox 0 0 1152 3908; x_wconf 95' lang='lat' dir='ltr'> </span> 
     </span>
    </p>
   </div>
  </div>
 </body>
</html>
