2296 3908
246 121 383 210 '3418'
498 119 574 185 D!
615 120 893 184 Lturws

242 228 326 290 stratu
338 227 483 307 gesserint:
504 230 595 305 deque
608 230 640 290 iis
653 228 779 289 censores
792 228 998 304 praeJudicent.
1020 236 1085 297 Hoc
1100 241 1125 301 iri

244 306 355 371 Graecia
378 309 428 377 fit,
459 306 605 382 tapubrtce
635 306 786 366 constitutis
813 306 1039 372 accusatoribus.
1075 319 1123 391 Qui

242 384 359 457 quidem
382 402 477 461 graves
498 380 552 441 esse
573 401 633 443 nou
651 381 762 458 possunt
783 423 792 450 ,
812 381 864 440 nist
892 381 949 442 srnt
975 389 1123 453 voluntarii.

241 462 387 533 Quocirca
402 461 500 519 melius
515 461 568 528 cll,
590 461 708 519 rationes
730 458 826 516 referri
848 500 858 527 ,
888 460 1065 540 causamque
1081 487 1123 529 ex.

239 537 310 610 poni
325 535 493 595 censoribus:
515 537 649 610 integram
669 548 766 593 tamen
784 533 881 606 legem
912 540 1070 602 accusatori
1085 547 1122 620 ju.

240 609 373 686 dicioque
386 612 492 672 servari.
532 612 586 671 Sed
600 612 657 671 satis
668 613 728 684 jam
743 608 913 695 disputatum
934 614 976 672 est
991 617 1028 675 de
1043 622 1122 697 magi·

241 686 379 756 stratibus,
398 689 448 749 nisi
466 688 537 748 sorte
551 689 618 765 quid
639 688 802 747 desiderans.
841 687 906 746 Att.
928 690 958 749 Si
979 710 1034 750 nos
1055 708 1121 755 tace·

241 780 322 830 mus,
340 765 418 823 locus
436 766 492 841 ipse
506 783 558 824 nos
582 766 716 824 admonet
732 806 741 831 ,
759 762 827 839 quid
841 763 893 848 tibi
909 764 944 824 sit
963 765 1068 828 deinde
1087 773 1120 832 di·

244 839 390 901 cendum?
411 843 453 900 M.
473 841 606 902 Mihine?
627 842 661 898 de
672 841 782 915 judiciis
803 838 949 912 arbtttor,
972 844 1118 923 Pomponi:

178 934 181 939 ·
241 914 271 974 id
287 916 324 975 ess
339 918 415 975 enim
427 919 556 993 junctum
572 917 776 994 magistratibus.

197 992 238 1067 '48
282 992 342 1051 Art.
364 992 463 1069 Quid?
483 994 518 1052 de
531 995 593 1069 jure
628 993 703 1068 opuli
719 993 860 1061 Romani,
876 998 1114 1069 quemadmodum

241 1068 396 1137 instituisti,
415 1071 564 1129 dicendum
580 1012 647 1129 nili
661 1069 758 1144 putas?
780 1072 822 1127 M.
841 1072 925 1144 Quid
940 1076 1057 1135 tandem
1070 1080 1114 1137 boc

242 1144 308 1203 loco
325 1146 380 1214 etl,
400 1147 477 1222 quod
502 1145 648 1221 requiras?
681 1145 742 1204 Art.
761 1145 891 1222 Egone?
912 1152 996 1222 quod
1010 1154 1111 1228 ignorati
1142 1200 1145 1205 .

244 1222 344 1290 abiis,
366 1225 463 1298 quiin
483 1224 620 1298 republica
641 1222 804 1291 versantur,
832 1226 1023 1298 turpissimum
1045 1245 1110 1304 puto.

97 1317 114 1351 n
127 1298 176 1367 legi
246 1297 342 1365 Nam,
363 1313 392 1356 ur
407 1297 497 1365 modo
515 1299 530 1358 a
546 1312 573 1358 re
588 1298 692 1358 diuum
706 1299 761 1368 est,
781 1300 853 1374 leges
868 1299 885 1358 a
898 1301 1014 1363 librariis
1026 1309 1107 1380 ¹¹lego:

90 1369 186 1438 ΜΨ·
221 1426 232 1472 t
248 1370 285 1430 sic
299 1375 508 1445 animadverto,
528 1388 676 1453 ⁰quosque
689 1375 717 1433 in
731 1376 928 1449 magistratibus
948 1382 1104 1455 ignoratione

97 1432 222 1539 {⁹⁰13}ss
233 1449 313 1524 ’jutis
338 1449 377 1509 sui
396 1465 504 1511 tantum
530 1452 621 1528 sapere
637 1495 646 1522 ,
665 1463 813 1528 quantum,
827 1456 1000 1526 apparitores
1031 1459 1108 1516 velint.

118 1505 147 1603 ,ss
166 1551 240 1603 wa,
252 1529 464 1603 Quamobrem,
484 1529 503 1587 si
518 1529 554 1588 de
569 1529 707 1595 sacrorum
722 1528 889 1588 alienatione
904 1531 1055 1594 dicendum
1068 1552 1108 1609 pu-

101 1567 144 1637 5'
180 1646 185 1667 .
214 1668 220 1681 ‚
250 1604 326 1674 tasti,
343 1607 477 1680 quoniam
492 1605 527 1663 de
550 1607 682 1693 religione
702 1605 776 1683 leges
797 1606 1002 1680 proposueras:
1023 1613 1110 1670 facier-

100 1681 319 1772 Wmmfflum
333 1682 381 1740 tibi
397 1682 451 1750 cst,
471 1695 518 1750 ut,
539 1680 734 1759 magistratibus
748 1683 809 1757 lege
823 1682 980 1745 constitutis
994 1729 1004 1759 ,
1024 1689 1057 1748 de
1071 1706 1110 1764 pu·

103 1775 156 1833 κη’.
168 1773 244 1821 cama
253 1758 365 1824 testate,
386 1770 468 1815 rrum
483 1758 518 1817 de
529 1759 591 1833 jure
608 1758 734 1833 dispereo.
798 1835 804 1846 Ι
999 1768 1002 1775 ·

105 1832 1113 1986 ....rr...ll·.l.²s¹.²ti.‘;lltl’,littrsttttlllrremtl3

105 1974 363 2073 aldiabus-perire,
383 2004 449 2067 meo
470 1986 584 2075 quidem
603 1988 730 2077 judicic,
750 1990 781 2049 &
800 1988 953 2066 diligenter.
994 1993 1069 2082 ⁸⁵¹³&
1083 1995 1112 2053 de

51 2096 55 2105 .
149 2116 152 2121 ,
1060 2088 1115 2148 jure

288 2289 319 2341 84
333 2279 429 2329 ,Publici
444 2277 581 2341 constituite]
609 2278 818 2341 Quemadmodum
834 2281 926 2345 publice
943 2282 1115 2333 constituebatur

257 2346 372 2400 Athenis,
387 2345 428 2406 qui
438 2345 463 2391 iu
475 2346 572 2406 publicis
583 2345 702 2405 sepulturis
713 2343 814 2393 diceret:
831 2347 863 2392 ita
877 2361 977 2410 quoque
987 2349 1027 2409 qui
1039 2359 1116 2396 cosae·

256 2406 357 2462 cusarct,
372 2410 412 2468 qui
423 2406 583 2469 magistratum
599 2403 714 2469 gessissem
725 2410 749 2455 in
766 2407 889 2456 reddendis
907 2412 1044 2461 rationibus.
1076 2416 1116 2458 lle·

257 2469 393 2518 cusabantur
403 2480 481 2517 aurem
493 2470 552 2532 apud
564 2470 700 2531 Collegium
712 2475 825 2528 napaeos,
842 2475 993 2534 populusque
1009 2474 1118 2522 accusato·

258 2548 297 2583 res
309 2533 475 2587 constituebat,
487 2533 525 2580 sed
537 2548 632 2594 graves,
648 2544 673 2579 ut
684 2531 759 2580 censet
771 2535 876 2587 Cicero,
891 2535 1000 2584 essenon
1013 2533 1116 2598 possunt,

257 2593 301 2644 nib
313 2597 444 2644 voluntarie
457 2595 486 2643 ad
493 2594 645 2643 accusandum
658 2595 807 2645 descendant.
841 2597 934 2645 Solebat
951 2599 977 2647 id
989 2600 1117 2663 plerumque

259 2658 362 2708 Athenis
379 2659 446 2715 fieri,
468 2672 492 2705 ut
509 2658 599 2719 publice
615 2661 758 2706 accusatores
769 2657 978 2725 constituerentur,
995 2663 1114 2726 quodve·

256 2721 393 2770 mosthenes
408 2723 433 2770 in
450 2721 635 2784 Aristogitonem
652 2721 682 2770 src
701 2720 802 2769 ostendit
816 2737 823 2767 τ
838 2723 904 2782 ’Epo'
919 2722 967 2787 pig
982 2726 1004 2773 ir
1021 2725 1073 2777 ταῖς
1086 2728 1116 2772 ia·

258 2787 360 2836 anacleta
375 2785 423 2843 ἁμῖν
439 2784 498 2840 ὁμὶς
513 2785 703 2834 aarseaeiovea'e
722 2802 752 2832 aas
768 2785 806 2832 aas
822 2786 1015 2847 προχειριζομίνκς
1031 2789 1070 2839 lari
1085 2796 1117 2833 eir

259 2851 346 2895 aeritur
361 2854 496 2909 aarapopsar
511 2847 625 2906 speinis.
658 2845 746 2902 idest,
777 2850 883 2910 Equidem
901 2848 948 2894 edm
964 2854 1117 2908 videremur

258 2913 282 2957 a'n
298 2911 427 2957 concionibus
444 2911 458 2956 ἁ
478 2911 537 2956 volis
556 2911 655 2965 constitui
670 2914 695 2963 da·
711 2913 776 2970 deligi
790 2912 819 2956 ad
833 2918 887 2957 bunc
902 2914 1046 2972 accufisndum
1059 2950 1066 2969 ,
1080 2932 1120 2959 me·

257 2971 309 3030 leste'
320 2972 421 3029 ferebam.
456 2972 575 3019 valerius:
591 2976 686 3021 Athenis
702 2975 810 3033 Ephialtes
830 2975 926 3033 aecufitre
940 2978 1024 3033 f’eebsice¹
1035 2978 1120 3038 ,suffitu

256 3037 285 3086 dy
296 3038 352 3081 inter
361 3049 441 3083 careres
452 3034 582 3091 lamaslmr'
592 3053 663 3081 nomen
676 3037 757 3090 deferre
767 3038 847 3082 evallus
863 3037 899 3092 est.
923 3039 1033 3088 ‘Budaeus
1047 3053 1121 3087 tamea

257 3097 335 3145 censet
347 3099 387 3145 hic
399 3100 539 3148 Ciceronem
551 3099 627 3146 dicere
637 3099 782 3147 voluntarios
793 3098 937 3147 accusatores
944 3101 1118 3153 arnenisfutlse

259 3161 527 3225 ApudLogiltasaurem
535 3162 632 3223 triginta
643 3161 861 3210 diebusrarioues&
869 3164 921 3209 assa
931 3180 1011 3215 rerum
1023 3166 1120 3227 inmagi-

257 3222 328 3271 stratu
339 3227 469 3287 gestarum,
491 3225 661 3289 magistratibus
673 3222 801 3286 depositis,
814 3225 990 3276 reddebantur:
1010 3234 1036 3279 dc
1048 3232 1121 3288 sinapis

257 3289 307 3334 dina
323 3288 453 3343 dicebatur,
470 3288 525 3337 ciam
536 3291 588 3350 quis
599 3289 623 3335 in
636 3290 746 3341 iudicium
757 3289 902 3347 vocabatur,
926 3293 995 3354 quod
1007 3292 1122 3355 magistra·

258 3361 285 3396 tu
295 3348 365 3398 finito
376 3355 479 3399 rationes
490 3367 539 3399 non
552 3349 671 3401 retulisset.
704 3352 792 3399 Tremel.

290 3420 326 3465 ες,
345 3421 384 3459 .At
394 3416 419 3460 de
426 3421 563 3471 jurenarm
578 3419 667 3476 cogitare
679 3428 715 3475 per
730 3431 766 3461 aas
777 3426 840 3475 atque
854 3416 961 3474 diceres
979 3414 1124 3480 Expedltlffi·

257 3474 552 3533 antecrescentem>
568 3478 628 3534 aaa
646 3477 712 3536 libris
723 3474 767 3540 fit,
782 3476 1126 3610 nesciaquandoquiderigfiesf
