2296 3908
216 119 298 206 3196
366 101 935 181 DsDsvrnnsrons'

220 259 222 264 ·
293 225 373 303 Quod
386 227 445 297 fare
459 238 588 303 paratum
607 221 663 296 est,
682 221 711 281 id
723 223 865 300 summum
883 223 1025 300 exfiaperat
1045 216 1098 297 {soi

372 323 442 363 vem.

212 412 330 473 Totum
345 410 464 472 omninb
479 411 569 470 fatum
583 411 668 470 etiam
682 409 823 468 Atellanio
839 407 917 467 versu
935 409 1003 484 jure
1026 407 1095 468 milri

217 486 272 550 elle
286 488 390 548 irrisum
405 489 522 548 videtur.
540 486 586 546 sed
599 487 629 546 in
643 486 722 545 rebus
735 498 793 545 tam
808 485 906 544 severis
921 504 984 546 non
1001 485 1041 544 est
1054 486 1095 562 jo-

180 622 183 637 ,
216 567 297 626 candi
310 567 396 638 loeus.
438 564 628 624 Concludatur
641 564 723 638 igitur
738 565 817 622 ratio.
856 562 978 622 sienim
1001 561 1105 638 provi·

216 641 275 703 deri
289 643 357 726 nihil
370 638 459 720 potest
473 643 598 701 futurum
613 637 668 699 effe
683 657 782 699 eorum
800 682 808 708 ‚
828 657 893 717 quae
916 639 982 698 casu
1004 638 1096 706 fiunt,

113 732 116 740 ‘
218 720 284 796 quia
298 717 351 778 esse
367 733 441 780 certa
455 737 514 779 non
528 715 654 796 potsunt:
676 715 812 776 divinatio
828 715 902 777 nulla
917 716 966 775 est.
990 713 1038 774 Sin
1049 733 1094 774 au·

216 795 396 856 tem-idcirco
411 793 521 873 possunt
533 793 690 870 provideri,
710 795 776 870 quia
788 804 861 850 certa
873 791 936 850 sunt
973 793 1005 851 δι
1029 793 1095 850 sata·

216 872 267 931 lia:
289 871 374 932 rursus
389 871 523 932 divinatio
537 871 611 931 nulla
624 869 670 929 est.
696 887 759 928 eam
774 870 851 927 enirn
866 879 897 926 tu
912 869 1092 928 fortuitarum

119 998 127 1009 .
171 961 209 1019 26
220 966 312 1007 rerum
329 947 383 1027 elle
396 949 512 1008 dicebas.
551 947 605 1006 Sed
619 947 682 1006 haec
696 947 779 1005 fuerit
793 945 872 1003 nobis
886 956 1038 1022 tamquam
1058 944 1095 1003 le-

112 1027 119 1041 “
158 1055 169 1083 ,-
220 1027 260 1083 vis
273 1039 419 1084 armaturae
433 1028 520 1101 prima
535 1025 667 1083 orationis
689 1021 837 1082 excursio:
865 1039 943 1081 nunc
968 1023 1094 1082 cominus

218 1119 330 1176 agamus
363 1099 617 1178 experiamurqbe,
644 1099 809 1176 fipossimus
832 1115 938 1158 cornua
963 1115 1094 1159 commo·

222 1195 288 1236 vere
304 1177 490 1252 disputationis
505 1190 570 1237 tuae.
607 1201 609 1206 ¹
974 1191 977 1196 ·
1119 1175 1125 1183 ‘

259 1255 309 1311 Xl.
329 1255 384 1334 D.⁰
396 1275 415 1312 o
436 1255 511 1314 enim
524 1271 627 1328 genera
640 1252 782 1314 divinandi
797 1250 851 1311 esse
867 1252 981 1313 dicebas
991 1269 1090 1324 ,unum

221 1329 423 1399 artificiosum,
443 1332 560 1390 alterum
576 1329 720 1388 naturale.
762 1329 940 1389 artificiosum
974 1329 1090 1389 conflare

220 1408 321 1482 partim
340 1425 373 1465 ex
389 1408 566 1484 conjesiura,
586 1407 684 1482 partim
700 1425 735 1466 ex
749 1407 942 1466 observatione
958 1407 1089 1466 diuturna:

222 1483 368 1552 naturale,
388 1486 465 1560 quod
481 1486 588 1543 animus
602 1484 748 1558 arriperet,
768 1495 815 1541 aut
837 1486 983 1558 exciperet
997 1482 1094 1549 extrin-

109 1628 119 1637 κ
184 1624 189 1630 ,
220 1558 296 1631 secus
311 1578 346 1619 ex
360 1560 501 1620 divinitate
518 1604 526 1630 ,
546 1560 620 1618 unde
641 1578 740 1618 omnes
761 1562 870 1619 animos
891 1561 1007 1620 haustos
1023 1603 1032 1631 ,
1050 1569 1091 1618 aut

221 1649 368 1723 acceptos,
388 1652 434 1695 aut
445 1639 541 1696 libatos
554 1635 727 1695 haberemus.
768 1635 934 1696 Artificiosae
949 1637 1094 1697 divinatio·

74 1739 98 1786 p,
115 1736 202 1786 cxlv.
225 1714 267 1774 nis
287 1713 331 1772 rlla
353 1712 411 1771 sere
432 1731 532 1788 genera
553 1712 691 1787 ponebas,
711 1713 897 1787 extispicum,
920 1731 1094 1790 eorumque,

226 1790 276 1866 qui
289 1806 323 1860 ex
343 1791 491 1864 fulguribus
518 1789 683 1864 ostentisque
699 1789 906 1865 praedicerent,
928 1805 993 1851 tum
1013 1809 1092 1866 augu-

226 1884 307 1935 rum,
331 1883 504 1942 eorumque,
526 1866 574 1942 qui
587 1864 684 1942 fignis,
704 1879 751 1925 aut
772 1865 912 1927 ominibus
936 1879 1092 1934 uterentur,

226 1959 370 2078 onssneque
388 1960 474 2022 genus
495 1941 680 2021 conjesiurale
701 1944 730 2002 in
750 1943 807 2002 hoc
828 1942 887 2002 ferd
918 1962 1027 2020 genere
1048 1961 1095 2021 po·

225 2034 261 2079 ne
281 2038 316 2079 as.
672 2048 674 2057 r

25 2126 29 2143 =
124 2106 127 2111 ’
181 2127 216 2183 27
265 2096 335 2156 lllud
348 2109 447 2157 autem‘
456 2097 595 2168 naturale,
615 2108 662 2154 aut
677 2098 864 2163 concitatione
878 2100 985 2158 mentis
1000 2099 1093 2168 edi,&

227 2174 301 2250 quast
315 2176 394 2234 fundi
409 2175 568 2246 videbatur,
587 2186 634 2232 aut
648 2173 768 2242 animo,
795 2192 843 2248 per
864 2173 1001 2235 somnum
1023 2173 1095 2234 senfi-

80 2259 219 2329 zpraevide·
228 2249 276 2308 bus
302 2253 333 2309 bt
354 2254 423 2310 curis
438 2270 546 2319 vacuo,
567 2250 733 2327 ²provideri.
752 2251 860 2310 Duxisti
875 2268 974 2312 aurem
995 2253 1093 2312 divina·

81 2332 160 2380 datii·
190 2353 193 2360 ·
227 2327 335 2384 tionem
350 2346 467 2387 omnem
483 2328 499 2385 i
514 2328 596 2386 tribus
609 2326 704 2395 rebus,
725 2326 820 2397 adeo,
840 2327 949 2399 hiato,
972 2329 1099 2388 anatum.

61 2430 67 2435 ·
230 2402 284 2460 Sed
299 2414 393 2462 tamen
409 2405 473 2463 citm
488 2405 623 2479 explicare
642 2403 710 2461 nihil
729 2402 840 2480 polles,
869 2408 1000 2480 pugnasti
1023 2423 1102 2479 com(

228 2479 425 2539 menticiorum
440 2480 637 2556 exemplorum
649 2478 763 2539 mirifici
776 2478 866 2555 copid.
907 2484 957 2544 De
973 2502 1035 2561 quo
1049 2483 1096 2558 pri·

82 2577 155 2623 naus
168 2587 208 2618 nan
230 2573 310 2612 mum
331 2558 387 2616 hoc
405 2557 471 2616 libet
493 2557 593 2617 dicere.
619 2558 676 2615 hoc
698 2574 753 2633 ego
773 2557 928 2634 philosophi
951 2579 1015 2620 non
1030 2555 1096 2618 ²elle

82 2640 154 2686 raban
171 2631 367 2701 ess'e·arbitror,
388 2634 494 2692 teilibus
516 2636 572 2701 uti;
593 2636 641 2711 qui
662 2648 709 2691 aut
730 2634 791 2693 casu
814 2636 897 2705 veri,
925 2651 978 2696 aut
1000 2633 1096 2696 malitid

150 2760 153 2765 ,
229 2707 287 2766 falfi
313 2709 425 2787 fislique
453 2709 507 2768 elie
527 2709 649 2790 possunt..
685 2712 864 2786 Argumentis
891 2715 922 2772 δι
952 2714 1098 2773 rationibus

228 2797 356 2859 oportet,
376 2804 462 2863 quare
476 2787 598 2863 quidque
611 2788 648 2845 ita
665 2780 721 2857 fit,
741 2788 842 2847 docere
859 2830 867 2856 ,
887 2808 951 2850 non
970 2791 1098 2860 eventis,

227 2861 258 2920 iis
272 2863 438 2936 praesertim,
459 2863 555 2939 quibus
569 2864 638 2922 mihi
652 2864 733 2923 liceat
747 2883 805 2922 non
822 2864 946 2926 credere.

186 2959 242 3019 23-
268 2939 331 2998 Xll.
351 2942 409 2999 Ur
430 2961 524 2999 onor
537 2960 580 2998 sn
601 2941 635 2998 ab
655 2940 847 3015 haruspicina,
867 2960 956 3017 quam
982 2961 1037 3020 ego
1052 2943 1098 3002 rei·

230 3015 348 3088 publicae
362 3018 454 3085 causa,
476 3019 689 3093 communisque
701 3017 839 3092 religionis
849 3015 1026 3086 ,colendam
1040 3023 1099 3080 eeu·

229 3091 292 3148 seo:
313 3093 357 3150 sed
372 3094 418 3151 soli
433 3092 539 3152 sumus:
560 3093 624 3152 licet
638 3112 736 3154 verum
751 3094 893 3170 exquirere
916 3095 977 3156 sme
991 3097 1099 3168 invidia,

230 3167 299 3225 mihi
312 3169 461 3244 praesertim
478 3168 512 3228 de
531 3169 666 3248 plerisque
687 3169 830 3232 dubitanti.
868 3172 1100 3310 ²0inspiciamuss,
1136 3192 1138 3231 :

977 3265 979 3270 ·
1092 3269 1105 3309 t.

84 3008 89 3037 s

36 3048 39 3069 t

266 3424 304 3459 20,
322 3411 474 3474 Inspiciamus,
482 3416 514 3474 fi,
525 3417 591 3465 placer
599 3427 648 3464 exta
659 3417 774 3478 primum]
790 3421 850 3481 Reg.
859 3416 940 3467 nollet
949 3408 1103 3491 ,lapidosas

232 3489 295 3540 erga,
307 3474 328 3537 fi
339 3479 422 3540 placet,
438 3492 488 3528 exta
500 3481 615 3543 primam,
631 3477 698 3543 quud
710 3479 799 3534 testum
814 3493 894 3547 put03
910 3479 1035 3549 liquidem
1044 3488 1103 3594 »ιζ’
