2296 3908
237 109 319 200 3086
442 101 945 170 DsNaauaaDtonuir
992 148 996 156 -

232 219 394 283 teremille:
422 218 597 289 8stertium,
617 219 721 295 Caprio
742 230 819 294 patre
834 261 844 289 ,
862 235 988 298 eumque
1012 237 1109 300 regem

236 300 311 360 ufiae
325 293 461 376 praefuisse
482 297 601 357 dicunt:
638 295 723 355 8⁶cui
743 295 852 356 Sabazia
879 295 941 358 suut
961 296 1108 359 institutas

1033 394 1111 454 qim·

267 577 304 627 as.
319 568 417 617 Tertium
429 568 523 631 Capriu]
536 564 606 615 Malo
617 576 673 613 cum
687 558 782 613 eruditis
797 563 896 616 Sabaea
911 566 995 630 potius
1010 565 1103 630 legere,

254 634 310 681 olm
319 632 376 681 ciuu
385 631 487 694 vulgatis
497 630 609 679 hadeuus
619 626 738 677 codicibus
749 627 853 679 oslava.
875 628 980 678 Constat
991 663 1000 686 ,
1015 632 1104 693 Diony·

234 646 294 744 Eum
305 697 378 743 etium
388 695 487 756 Orpheo
499 688 615 754 Σαβλζιοι
625 687 692 740 fuiffe
702 689 801 740 distem.
827 693 847 739 is
859 691 947 754 opinor
961 691 999 741 est
1011 725 1021 751 ‚
1036 706 1103 757 quem

236 759 366 813 Surdino,
380 771 420 820 pet
429 761 575 818 ἀντίςοιχοι,
590 753 725 802 Macrobius
735 752 826 802 dictum
836 754 884 810 ait,
899 755 941 804 lib.
953 759 1005 817 Stjt.
1018 770 1038 806 1.
1055 769 1102 819 cip.

238 837 274 876 ις.
291 822 405 882 citatque
411 818 573 867 Alexandrum
580 816 714 880 quendam,
730 819 772 880 qui
782 815 897 872 affirmet,
912 818 939 866 in
951 818 1104 877 quadruos

235 884 299 933 sacra
309 882 373 937 fieri,
388 895 460 945 atque
469 881 494 930 in
504 881 568 929 colle
577 877 805 942 quodamzilmiil'o
820 878 895 927 adem
910 879 1009 931 habete.
1040 880 1102 931 Aebi-

207 998 211 1002 ,
235 957 307 996 trarer
317 943 418 993 cundem
434 941 549 992 effecum
566 957 615 1001 eo,
634 956 707 1005 quem
722 942 843 992 Diodorus
852 943 938 1003 Sebafin
951 942 1101 993 nominatum

237 1010 270 1058 ait
287 1006 316 1071 (fi
328 1007 404 1057 ruodb
413 1021 441 1055 ea
454 1006 539 1061 leutio,
555 1019 606 1069 qua
616 1005 701 1054 Latine
711 1017 789 1061 extat,
803 1006 905 1068 genuina
913 1004 959 1068 efl)
977 1008 1064 1071 cuique
1071 1004 1101 1056 sa·

235 1086 275 1120 cta
285 1083 379 1135 propter
389 1068 554 1119 verecundiam
564 1069 681 1117 nociturna
695 1067 847 1118 celebrantur.
880 1072 1030 1134 Quanquam
1043 1070 1100 1118 laune

235 1135 243 1183 i
269 1148 311 1183 um
326 1134 390 1181 idem
406 1130 543 1188 Diodorus,
558 1131 612 1194 (qui
627 1134 654 1181 δι
670 1131 718 1193 ipse
737 1132 814 1196 plures
826 1130 955 1195 Diuuylios
969 1132 1099 1194 enumerat)

252 1198 303 1245 oris
313 1198 339 1246 δι
350 1195 488 1258 Proserpina
503 1195 595 1258 prolem
610 1193 656 1242 elle
669 1193 740 1242 dicat.
774 1197 830 1242 Sunt
841 1195 882 1256 qui
900 1195 1015 1245 Liberum
1031 1194 1100 1307 ipsun

237 1258 437 1316 subumididulu
452 1256 571 1314 referant,
587 1260 612 1307 δι
628 1255 714 1305 eodem
728 1255 804 1306 modo
818 1258 892 1305 etiam
906 1259 957 1317 eius
973 1257 1039 1308 sacer
1055 1270 1100 1307 ores

238 1321 362 1377 eruamur.
393 1321 487 1369 citatur
497 1321 538 1370 eoi
554 1319 653 1382 σαβαξὲκ
669 1319 792 1383 epitheton
810 1333 840 1367 ex
853 1319 958 1382 orpheo.
993 1322 1099 1387 reperitur

237 1383 300 1433 certe
310 1383 371 1448 apud
383 1381 501 1447 Aristopb.
513 1383 568 1432 cum
579 1383 604 1432 in
615 1380 713 1446 vespis,
729 1395 781 1432 ttuu
796 1383 821 1430 in
838 1381 933 1432 Avibus.
968 1389 1098 1435 Commen-

235 1458 301 1495 tator
310 1449 342 1496 ait
354 1447 385 1496 iic
396 1448 525 1501 Bacchum,
540 1446 579 1493 seu
588 1443 753 1508 Dionyfiumd
766 1444 893 1494 Thracibus
908 1447 1041 1497 nominati.
1057 1453 1097 1495 At·

235 1523 283 1619 pue
293 1510 357 1559 idem
368 1511 393 1558 in
406 1509 492 1558 Avibus
504 1520 620 1566 annotat,·
630 1507 769 1557 sabaziona
782 1508 906 1571 Phrygibus
916 1510 967 1558 coli
981 1543 989 1567 ‚
1005 1512 1097 1573 ejusqtu

245 1571 364 1621 acerdotes
376 1571 463 1628 oessobr
479 1568 546 1619 iuiffe
561 1569 655 1618 didos:
687 1573 793 1632 citatque
806 1585 914 1620 autorem
931 1573 1097 1623 Heracleoten.

234 1638 322 1691 Monet
333 1648 453 1698 practerea,
469 1633 530 1683 hauc
543 1633 727 1696 appellationem
737 1632 812 1696 ipsum
823 1632 929 1683 babere)
940 1633 1020 1685 sacris.
1048 1640 1098 1685 Bar·

233 1695 303 1745 batos
313 1699 378 1746 enim
388 1693 499 1758 σαβᾶζιιν
512 1695 588 1745 dicere
599 1699 626 1745 ei
637 1695 743 1757 ἱυάζιιύ,
759 1696 798 1745 καὶ
811 1697 839 1744 τὸ
853 1697 953 1752 iuuari!
964 1700 1096 1757 nouacula

234 1760 354 1826 Significat
366 1771 444 1808 auteur
456 1760 503 1807 boc
513 1758 609 1808 verbum
619 1757 717 1829 ludgeri,
733 1771 758 1807 ut
770 1759 911 1807 Phavoriuus
921 1761 969 1816 ait,
987 1775 1097 1811 nonmu-

234 1823 268 1871 d'o
280 1821 368 1879 θρηνεῖν,
384 1819 422 1870 led
432 1821 505 1869 etiam
515 1822 589 1875 rator
603 1821 685 1877 dursti.
709 1822 743 1868 ita
759 1834 784 1869 ut
799 1823 912 1870 comicus
926 1824 1096 1875 Bacchantiutu

232 1887 355 1934 cautiones
366 1879 448 1933 odiose
457 1883 553 1941 ejulatui
563 1895 699 1946 comparare
708 1883 816 1933 soluerit.
848 1883 969 1949 significat
983 1888 1046 1936 item
1055 1889 1097 1937 im·

232 1946 344 1996 modestis
354 1945 456 1995 motibus
471 1946 636 1995 bacchantium
652 1944 722 1995 instar
741 1945 872 2009 tripudiare.
904 1947 976 1998 Unde
988 1950 1097 2000 l’ltilode-

231 2025 283 2060 mus
293 2011 318 2057 in
331 2011 412 2073 Epige.
443 2006 584 2058 salmacidas
600 2007 733 2057 meretrices
749 2010 856 2063 cursarii:
872 2013 995 2063 nominat.
1028 2012 1097 2063 Porri)

230 2073 273 2121 illa
284 2070 380 2134 q'uoque
390 2070 462 2122 ledio
472 2070 573 2136 suspebla
583 2070 627 2127 est,
642 2070 708 2133 quod
718 2073 832 2135 Caprium
842 2072 891 2129 ejus
904 2089 1000 2137 patrem
1016 2078 1096 2127 uomi-

230 2149 314 2191 uatum
331 2134 400 2184 fuisse
421 2135 499 2185 refert.
531 2136 648 2182 Nondum
664 2134 761 2189 inveni,
782 2136 893 2198 quisnam
912 2138 955 2186 ille
972 2136 1025 2188 fita
1054 2136 1096 2189 uifi

230 2198 296 2260 quod
309 2199 371 2247 Eros.
382 2199 407 2245 in
423 2196 547 2261 proverbio
562 2196 726 2247 Phaselitamm
741 2196 887 2256 sacrificum,
904 2202 989 2264 Capto
1002 2201 1095 2251 cuidam

229 2259 329 2324 pisculos
340 2259 460 2309 sacrificati
470 2259 564 2316 solitus,
579 2275 609 2310 ex
619 2258 687 2309 suida
698 2263 724 2310 dc
735 2260 844 2311 Zenobio
853 2276 982 2315 memorat.
1014 2271 1097 2326 Quan-

232 2337 305 2385 quam
322 2326 401 2371 Suidas
422 2336 450 2370 ea
465 2321 528 2371 sacra
539 2324 656 2385 linantur?
669 2321 720 2370 fieri
737 2322 827 2374 scribat.
859 2325 981 2374 zenobius
998 2327 1057 2379 verb
1071 2329 1096 2377 iu

248 2401 317 2434 eriere
327 2385 375 2437 noir
385 2384 447 2438 broie.
481 2384 525 2433 Sed
542 2383 640 2433 obstabit
658 2385 711 2432 huic
721 2383 856 2443 sentencia,
876 2387 944 2450 quod
963 2391 1094 2454 Stephanus

229 2402 292 2498 {auc
305 2448 424 2497 civitatem
445 2447 528 2511 Judaeae
546 2447 614 2496 fniffe
628 2446 722 2502 scribit,
748 2446 777 2496 ab
795 2450 889 2499 Herode
903 2450 1039 2505 conditam.
1072 2454 1093 2503 si

229 2511 368 2571 coniesturis
378 2510 444 2558 locus
453 2508 522 2566 effer,
534 2509 652 2559 crederem
668 2508 747 2558 Cabto
763 2511 907 2576 legendum,
930 2526 1005 2577 arque
1019 2516 1050 2566 ab
1064 2532 1095 2566 eo

229 2572 631 2633 Kauana<di&0s‚live1<adtipovr·
649 2586 706 2620 nam
716 2578 816 2637 utroque
826 2579 901 2627 modo
911 2575 934 2624 le
951 2578 1007 2629 'tue
1032 2592 1093 2643 qoo-

229 2650 281 2684 rum
291 2635 372 2686 strabo
383 2636 423 2686 lib.
430 2651 454 2686 x.
471 2634 619 2685 mencionem
634 2634 713 2693 facit,
733 2649 782 2697 quo
797 2653 851 2688 cum
867 2644 930 2702 Cory
949 2641 1024 2691 antib.
1040 2656 1094 2692 eos·

228 2698 283 2747 dem
296 2699 364 2748 fuill'e
389 2712 446 2751 ucat.
501 2712 629 2761 uamquam
641 2696 818 2751 eostabeito
833 2708 889 2751 Bere
918 2698 993 2752 utbiae
1007 2718 1093 2754 moute

227 2764 359 2827 appellatos
369 2713 438 2813 dicat.
472 2705 712 2834 sedquidatrinettin
723 2761 758 2808 his
770 2764 878 2814 curiolius
903 2767 1007 2821 eiurari,
1040 2782 1092 2833 qua

226 2841 276 2875 riou
288 2828 391 2875 multum
401 2827 519 2875 momenti
530 2839 572 2873 nec
583 2824 613 2873 ad
632 2826 760 2875 leuiorem
774 2842 818 2875 nec
832 2827 861 2876 ad
873 2825 962 2876 sensum
973 2827 1092 2884 adferunt.

227 2892 343 2938 Betules'us.
376 2892 474 2936 Tertiam
486 2891 644 2951 Caprr'spotre.]
660 2889 790 2949 Ampelius:
805 2892 924 2945 desubito,
939 2897 982 2955 qur'
993 2896 1092 2955 regnavit

229 2957 253 3000 in
266 2954 332 3006 aaa.
348 2957 405 3011 Quae
416 2949 467 3000 sunt
479 2949 533 3000 satis
543 2949 645 3000 obscura.
667 2949 711 2999 Sed
722 2964 769 3013 ego
780 2970 831 3002 nou
841 2951 923 3002 dubito
934 2987 942 3012 ,
960 2956 1021 3019 quin
1031 2969 1091 3007 uter·

229 3030 276 3079 que
286 3011 394 3077 scripserit
405 3017 485 3062 Cabiro.
518 3016 626 3061 Gronov.

262 3084 298 3126 86.
315 3080 379 3134 cuius
390 3077 486 3128 ubam
494 3077 546 3137 sunt
555 3075 673 3133 instituta]
702 3075 790 3127 Maffaei
805 3077 881 3135 liber,
895 3081 956 3138 cujus
972 3082 1091 3131 Salam:

218 3139 1019 3266 llistzurulli„tl‘iclll‘tumlllll‘stilla'
1034 3140 1093 3254 sup

226 3264 252 3312 in
263 3263 334 3312 verbo
346 3238 474 3374 Σαβέέιωῖ
485 3266 510 3313 &
525 3265 686 3328 Aristophanis
696 3220 845 3331 interpresgin
859 3265 945 3316 Avibus
957 3270 983 3317 δε
1000 3220 1093 3332 ime.

226 3340 252 3374 ut
262 3325 357 3375 fortasse
368 3340 413 3390 apu
443 3326 593 3376 Macrobium
608 3328 649 3377 lib.
663 3343 682 3376 1.
699 3334 789 3380 saturn.
814 3345 868 3393 pag.
881 3346 932 3390 ηπ.
960 3331 1092 3394 legendum

225 3387 267 3446 fit,
284 3392 415 3448 Sabazium,
432 3404 482 3437 nott
489 3386 614 3441 deludium.
633 3396 656 3442 Ρ.
668 3397 763 3442 Manut.
797 3398 835 3441 Cui
851 3395 949 3443 Sabazia
959 3395 1016 3452 sunt
1031 3395 1094 3455 insti·

224 3457 292 3512 rura]
306 3451 345 3504 Est
356 3453 371 3503 a
381 3454 471 3518 Sigouii
483 3450 542 3503 libro
554 3467 642 3514 vetere,
658 3469 683 3506 ut
694 3456 783 3508 iudicat
794 3460 817 3508 Ρ.
824 3457 959 3514 Manutius,
974 3449 1095 3521 quemadl

518 3710 536 3757 i
