2296 3908
204 100 330 198 ,3208
392 103 469 170 De
509 101 951 169 Drvrunrroue

250 213 391 291 potuerit,
411 226 472 276 non
487 212 542 274 esso
556 212 723 275 mirandum?
760 213 911 301 Causarurrr
925 213 1003 273 enirn
1017 215 1132 291 ignora·

247 289 291 349 tio
304 289 334 349 iu
348 307 378 350 re
391 293 661 353 nora'tnitationem
674 292 749 354 facit.
787 291 886 351 eadem
902 293 1045 366 ignoratio
1063 293 1084 353 si
1098 297 1126 356 in

27 408 32 413 -
93 373 223 431 avidratia
247 365 461 429 rouutufiuttu
475 367 532 440 eii,
551 384 611 430 non
626 371 767 428 miramur.
808 366 937 443 namqui
953 369 1065 429 mulum
1080 387 1127 446 pe·

94 441 179 506 wis
247 440 344 518 periise
358 444 487 518 miratur,
505 446 547 517 ir,
565 462 624 524 quo
639 445 728 506 modo
742 458 813 522 equa
820 445 922 521 pariat,
943 448 1123 507 automnino

246 536 312 596 quae
326 534 424 583 natura
438 532 547 600 partum
561 524 707 582 animantis
720 523 819 590 faciat.
832 522 950 598 ignorat.
969 520 1018 581 sed
1030 523 1121 598 ‚quod

246 596 450 670 munditiei,
469 614 529 661 non
543 601 676 669 miratur,
700 600 785 658 etiarn
799 599 845 668 st,
871 614 920 657 cur
933 595 981 655 sint
998 640 1008 667 ,
1030 598 1120 666 nescit.

88 692 205 747 pm
245 673 324 748 quud
336 673 424 735 hante
438 694 499 736 non
519 675 613 746 vidite
640 675 670 735 id
692 674 713 735 fi
734 676 882 744 evenerit,
901 673 1047 742 ostentum
1069 672 1120 735 esse

92 759 165 813 uun.
244 749 345 809 censet.
384 753 490 812 Utrum
502 753 609 830 igitur,
628 749 694 811 cina
715 752 846 827 concepit
865 749 942 810 mula
961 791 971 820 ,
993 769 1032 811 un
1054 750 1117 812 cim

117 828 139 901 Ἰ
156 895 159 900 Ι
195 827 365 962 suffecit,
385 829 523 889 ostentum
538 827 598 889 eii?
636 828 796 904 Conceptio
810 838 908 886 contra
921 829 1118 913 naturamsor·

241 913 252 961 t
290 904 395 964 erscd
416 919 506 982 partun
526 903 614 981 prop?
633 903 803 965 neeessariue
843 902 898 962 Sed
919 903 992 980 qud
1014 903 1116 979 plura?

240 979 487 1042 ortumvidearnus
500 981 687 1057 haruspicinae.
724 977 918 1048 sicfaciiiimd,
937 978 1011 1059 quid
1021 979 1118 1041 habeat

243 1055 426 1126 auctoritatis,
442 1057 636 1134 judicabimur.

277 1133 384 1192 Xiiiii.
404 1135 490 1194 Tro
499 1153 540 1193 us
561 1133 675 1212 quidam
690 1133 789 1194 dicitur
804 1133 834 1193 in
848 1148 917 1211 agro
925 1130 1114 1210 Tarquinien-

87 1223 115 1279 ι,
128 1226 214 1279 cxix.
238 1205 276 1276 sr,
295 1209 361 1268 cirrn
376 1218 447 1269 terra
459 1222 595 1280 araretur,
613 1210 744 1270 &sulcus
763 1208 841 1269 uitiis
861 1204 927 1268 esset
952 1209 995 1268 im
1017 1206 1113 1279 reisue,

237 1284 363 1345 exstitisse
376 1286 506 1363 repentd,
527 1289 558 1346 dc
573 1305 639 1346 euni
659 1286 756 1346 affatus
777 1284 856 1354 ede,
875 1285 925 1356 qui
947 1301 996 1346 nra
1032 1298 1053 1347 t.
1087 1285 1112 1345 ir

237 1374 331 1420 autern
347 1365 458 1439 Tagen,
477 1378 508 1424 ue
521 1365 551 1423 in
564 1363 635 1423 libris
649 1364 686 1422 eii
695 1361 890 1430 Etruseorum,
910 1363 1012 1436 puerili
1025 1362 1111 1438 specie

236 1437 336 1498 dicitur
350 1438 442 1508 visus„
461 1440 508 1501 sed
519 1440 596 1499 senili
616 1437 695 1499 fuisse
715 1439 869 1515 prudentia.
895 1438 955 1508 eius
984 1438 1111 1515 adspedu

235 1512 1109 1654 {issistitstiitii‘tinctiti‘tititti‘tsi

571 1637 581 1662 e
981 1630 991 1660 t
1099 1618 1111 1635 ⁸

237 1684 295 1744 que
308 1668 384 1727 brevi
397 1682 525 1745 tempore
538 1672 567 1727 in
581 1687 647 1728 eum
661 1669 756 1728 iocum
771 1667 910 1726 Etruriam
930 1666 1109 1728 convenisse:

137 1799 139 1803 ,
236 1754 298 1803 tum
313 1744 389 1804 ilium
404 1745 480 1820 plura
494 1747 622 1804 locutum
635 1745 730 1804 moitis-
740 1743 929 1813 audientibus,
950 1745 1002 1820 qui
1016 1744 1109 1805 omnia

237 1820 297 1895 ejus
314 1823 394 1879 rerba
402 1823 561 1895 exceperint
573 1821 723 1896 litterisque
731 1820 938 1880 mandaverint:
954 1831 1107 1883 470mnem

235 1908 330 1954 autern
346 1899 503 1967 orationem
518 1894 596 1956 fuisse
611 1915 691 1966 earn,
710 1914 765 1973 qua
778 1896 958 1971 haruspicinae
971 1895 1109 1975 disciplina

233 1973 440 2043 contineretur,
461 1992 523 2032 eum
563 1974 636 2034 osica
658 1972 770 2033 crevisse
791 1972 868 2043 rebus
898 1974 981 2032 nouis
1005 1991 1109 2052 cogno-

234 2048 367 2118 scendis,
400 2051 431 2109 dr
450 2051 486 2109 ad
499 2067 530 2109 ea
551 2068 597 2109 em
618 2051 662 2109 iila
684 2052 816 2124 principia
838 2048 1001 2108 referendis.
1043 2052 1110 2109 Hae

121 2176 124 2187 .
233 2127 392 2201 accepimus
413 2126 446 2185 ab
469 2126 551 2202 ipsu:
571 2126 741 2202 haec'scripta
755 2125 936 2186 conservant:
956 2126 1038 2186 hunc
1052 2129 1111 2187 fon·

234 2213 295 2261 tem
312 2203 415 2261 habent
431 2202 587 2278 disciplinae.
633 2223 635 2228 ·

190 2290 225 2349 51
274 2280 351 2337 Nurn
367 2296 434 2351 ergo
449 2296 518 2354 opus
533 2279 570 2336 est
583 2279 617 2337 ad
631 2279 693 2338 haec
707 2277 857 2337 refellenda
870 2275 1037 2339 Carneade?
1044 2296 1106 2339 nuru

226 2352 378 2430 Epicuro?
398 2355 480 2414 Erine
495 2355 639 2432 quisquam
654 2356 691 2413 ita
706 2354 856 2429 defipiens,
875 2354 924 2429 qui
939 2356 1039 2415 credat
1052 2374 1110 2416 era·

237 2442 327 2490 ratum
348 2428 426 2498 effe,
452 2430 536 2489 deum
557 2432 647 2490 dicam
665 2473 674 2500 ,
693 2448 728 2489 an
749 2431 895 2489 hominem
913 2429 926 2488 ?
947 2428 1010 2491 4⁸si
1031 2433 1108 2502 deos.

86 2521 215 2580 „aaran
240 2522 288 2564 cur
303 2504 330 2565 se
345 2520 441 2564 contra
454 2521 578 2566 naturam
596 2510 624 2566 in
645 2522 744 2565 terrum
761 2507 913 2565 cabdiderit
929 2549 939 2577 ,
959 2520 995 2566 ur
1009 2512 1107 2584 patefa-

32 2610 39 2655 t
86 2598 125 2645 nt
135 2588 210 2641 Lami.
240 2580 394 2641 diutaratro
407 2582 500 2641 lucem
513 2581 682 2659 adspiceret?
693 2581 791 2657 Quid?
805 2583 879 2641 idem
894 2599 997 2642 noune
1006 2596 1108 2661 poterat

237 2657 306 2719 deus
319 2659 477 2719 horninibus
491 2659 656 2734 disciplinam
671 2660 807 2734 superiore
822 2659 838 2716 ὲ
851 2658 918 2717 loco
932 2660 1066 2721 tradere?
1083 2662 1108 2720 Si

236 2747 330 2794 autem
344 2735 435 2794 horno
458 2735 503 2795 iile
527 2735 620 2811 Tages
640 2737 715 2803 suit,
750 2750 876 2811 quonam
903 2736 1000 2796 modo
1021 2738 1108 2815 potuit

235 2809 307 2871 terrai
321 2811 460 2889 oppressus
482 2811 602 2870 vivere?
635 2812 711 2872 unde
732 2811 815 2887 porro
838 2810 882 2868 iila
904 2815 1025 2886 potuit,
1045 2832 1105 2892 quae

233 2887 351 2955 docebar
365 2887 511 2966 aiios,ipse
528 2886 669 2947 didicisse?
688 2888 735 2948 sed
748 2905 802 2964 ego
810 2886 1003 2964 infipieutior,
1023 2891 1104 3026 quirlrlri

1072 2985 1080 3026 r

263 3207 302 3254 47.
317 3200 405 3242 Omnem
417 3207 486 3248 aarum
500 3196 616 3241 orationem
630 3193 694 3253 fuaffe
705 3209 771 3249 eam,
786 3206 829 3257 qua
845 3192 997 3254 Harasptetu
1010 3196 1102 3258 discipli·

230 3270 259 3315 aa
268 3260 425 3316 continentiae]
441 3260 495 3317 Qua
507 3271 550 3320 pro
560 3273 604 3320 με
618 3252 728 3319 scriptum
739 3255 772 3304 est
783 3258 808 3305 in
820 3268 899 3304 verere
914 3256 986 3307 libro.
1017 3259 1089 3320 vrfie.

260 3326 299 3378 4⁸·
315 3321 345 3368 Sa·
353 3324 434 3377 Dan]
449 3319 517 3381 Voig.
532 3321 553 3377 fi
567 3328 655 3376 (reuma
672 3333 726 3366 curn
743 3334 800 3368 vero
815 3317 894 3367 uosier
910 3320 936 3367 iu
949 3320 1063 3373 membro
1072 3319 1101 3369 se·

276 3394 316 3431 nte
325 3380 402 3435 dieat.
412 3383 433 3441 Ji
443 3398 515 3427 auam
532 3384 601 3445 (Leg.
615 3383 646 3435 liu
660 3380 743 3443 aurem)
759 3388 819 3442 tomo
831 3384 871 3430 iiie
888 3387 956 3447 Tages
969 3384 1022 3445 fair
1035 3419 1043 3444 ,
1058 3387 1101 3434 co

232 3443 287 3511 xseia
297 3445 350 3500 iial.
361 3444 494 3497 audorirari
505 3446 632 3509 paruimus.
665 3450 719 3494 Dav
733 3446 762 3499 rs.

997 3527 1038 3573 42.
1054 3516 1094 3560 (rat
