2296 3908
231 145 313 212 3¹40
390 125 948 198 DeDrvrrrnrroue

149 259 151 263 ·
230 239 393 315 propediem
408 252 437 298 te
450 239 563 299 videbo.
580 239 659 316 quod
672 240 710 297 ita
724 239 853 313 contigit.
877 255 943 299 narn
958 237 1108 314 Babylone

231 318 324 389 paucis
338 315 399 392 pbst
412 316 507 375 diebus
521 316 681 376 Alexander
695 314 732 372 est
745 329 882 374 mortuus.
918 315 1044 374 Discedo
1060 332 1108 390 pa-

129 422 137 453 .·
176 433 184 451 .
232 391 517 467 rumperisomniis:
536 393 649 469 adquae
672 409 741 448 mox
763 408 892 450 revertar.
930 395 998 466 Qua
1018 392 1105 449 noete

203 486 208 506 ⁸
230 470 367 544 templum
383 468 509 544 Epheliae
521 471 624 528 Dianae
637 468 812 544 deflagravit,
832 469 931 526 eadem
947 467 1057 526 constat
1071 486 1104 526 ex

195 606 198 615 ,
232 545 320 621 Olym
342 547 403 604 iade
417 558 514 604 natum
528 543 582 605 elle
604 546 817 614 Alexandrum,
837 560 921 622 atque
943 547 991 602 ubi
1014 544 1105 603 lucere

233 625 306 696 coepi
328 635 373 690 et,
393 619 540 681 clamitaffe
555 641 677 699 magos,
702 622 805 695 pestem
833 639 865 678 ac
887 623 1042 696 perniciem
1065 621 1106 678 A·

232 699 280 756 liae
295 700 422 772 proxima
435 699 520 757 noete
541 712 645 758 natam.
683 699 757 757 Haec
779 696 814 756 de
836 698 911 757 Indis
944 700 975 757 ἃ
1006 697 1104 772 Magis.

233 775 392 833 Redeamus
405 773 440 832 ad
453 774 567 835 somnia.
936 822 948 849 ,

187 849 224 923 48
273 852 379 908 XXIV.
400 851 667 912 Ha‘uuruarera
690 852 794 911 Coelius
807 849 917 920 scribit,
935 849 1003 909 cbm
1018 847 1104 907 8reo·

235 928 360 987 lumnam
375 944 511 995 auream,
550 947 615 1004 quae
644 927 709 988 effer
729 931 758 987 in
779 927 848 986 fano
876 927 994 1001 Junonis
1024 925 1105 994 Laci-

235 1005 308 1074 niae‚
328 1004 434 1061 auferre
446 1003 546 1074 vellet,
560 1006 766 1083 dubitaretque,
786 1005 876 1061 utrum
892 1022 924 1061 ea
938 1002 1024 1062 solida
1032 999 1105 1069 eliet,

166 1082 169 1086 ’
236 1098 271 1139 an
285 1083 449 1138 extrinsecus
462 1082 606 1150 inaurata,
629 1077 872 1156 perterebraviffe:
900 1095 1026 1156 cumque
1047 1078 1105 1136 soli·

85 1161 200 1218 estaruis·
235 1158 300 1216 dam
314 1155 476 1227 invenillet,
495 1156 629 1216 ellatuiffe
642 1159 754 1217 tollere:
775 1159 800 1215 ei
815 1156 966 1215 secuudum
983 1156 1106 1231 quietern

82 1231 165 1294 satque
175 1230 225 1277 ⁶²¹7·
238 1232 320 1292 risam
336 1230 391 1293 effe
403 1233 542 1302 lunonem
560 1235 726 1310 praedicere,
746 1251 783 1292 ne
796 1233 825 1292 id
840 1236 946 1294 faceret
966 1275 975 1302 ‚
997 1231 1105 1289 minari·

235 1327 311 1386 que,
329 1309 391 1369 fiid
406 1309 527 1379 fecillet,
547 1309 573 1368 se
587 1325 759 1378 curaturam,
780 1322 811 1367 ut
824 1327 890 1367 eum
905 1326 1023 1386 quoque
1038 1324 1104 1392 ocu·

84 1372 214 1426 fstffibffl·
235 1386 313 1457 lum,
332 1405 391 1463 quo
405 1386 476 1445 bene
491 1388 619 1455 videret,
641 1388 800 1445 amitteret:
827 1387 912 1462 idque
934 1387 968 1443 ab
990 1386 1106 1444 homme

84 1441 207 1567 {uffi'o
237 1475 321 1521 acuto
336 1480 394 1522 non
407 1461 461 1522 effe
476 1465 658 1536 negledlum:
686 1466 779 1538 itaque
800 1480 835 1520 ex
858 1481 894 1520 eo
916 1479 1012 1531 auro,
1032 1458 1107 1536 quod

84 1565 202 1612 columna
238 1537 457 1598 ‘exterebratum
491 1539 581 1609 effer,
622 1541 750 1599 buculam
788 1535 890 1598 curaffe
925 1537 1106 1605 faciendam,

83 1631 156 1675 Mur.
239 1617 269 1675 ἃ
284 1633 346 1674 eam
360 1617 388 1674 in
404 1616 531 1674 asumma
547 1616 677 1675 columna
694 1613 879 1673 collocavisse.

189 1707 225 1762 49
274 1691 453 1750 Hoc-hidem
467 1694 496 1750 in
511 1693 611 1760 Sileni,
632 1711 717 1769 quem
732 1692 836 1750 Coelius
850 1691 990 1766 sequitur,
1009 1692 1107 1750 Graeca

83 1766 173 1840 irritem
189 1768 345 1828 urbinum
361 1767 398 1825 est
414 1789 420 1825 :
441 1769 463 1825 is
476 1781 570 1826 autem
593 1767 793 1846 diligentisfimb
814 1785 855 1826 res
870 1767 1035 1827 Hannibalis
1049 1785 1106 1844 per·

84 1829 168 1878 ΨΜ
229 1844 344 1903 ‘secutus
358 1844 412 1902 est:
432 1844 638 1914 Hannibalem,
661 1846 724 1903 cirm
742 1842 852 1919 cepillet
868 1845 1024 1918 Saguntum
1042 1887 1051 1914 ,
1071 1845 1108 1903 vi·

85 1894 160 1942 Lamb.
169 1892 195 1944 ὑ

85 1959 136 2007 arr.
235 1919 296 1980 sum
312 1916 365 1978 effe
380 1922 407 1979 in
422 1919 524 1978 somnis
539 1920 554 1979 'a
570 1923 642 1994 Jove
655 1923 685 1980 in
698 1921 817 1980 deorum
831 1922 985 1980 concilium
997 1921 1108 1980 vocari:

236 1996 295 2073 qud
310 1995 372 2054 cbm
389 1992 519 2076 venisset,
538 1998 640 2068 Jovem
654 1995 820 2073 imperalle,
841 2011 872 2056 ut
891 1996 982 2055 Italiae
1005 1998 1107 2056 bellum

168 2127 184 2148 ,‚
235 2074 366 2142 inferret,
386 2072 544 2149 ducemque
560 2075 585 2132 ei
598 2093 686 2133 unum
708 2075 724 2132 ὲ
746 2074 868 2132 concilio
890 2072 1012 2132 datum:
1052 2083 1107 2150 quo

234 2150 313 2208 illum
330 2161 474 2219 urentem,
494 2167 558 2207 cum
576 2153 698 2209 exercitu
711 2150 839 2226 progredi
854 2147 982 2223 coepiffe:
1004 2161 1066 2209 turn
1081 2151 1106 2206 ei

237 2225 339 2283 ducem
353 2225 430 2283 illum
446 2224 621 2300 praecepisse,
641 2245 675 2285 ne
689 2227 832 2301 respiceret
847 2245 853 2282 :
874 2227 957 2283 illum¹
969 2239 1063 2286 autern
1077 2224 1105 2283 id

235 2300 336 2360 diutius
349 2301 440 2359 facere
454 2318 514 2360 non
529 2299 662 2375 potuille,
682 2303 840 2376 elatumque
854 2301 1006 2375 cupiditate
1020 2301 1106 2376 respe-

39 2447 42 2451 ,
236 2373 317 2436 xiffe:
337 2389 397 2434 turn
419 2375 504 2436 visam
527 2377 636 2438 beluam
660 2380 761 2436 vastam
794 2381 825 2436 ὃ(
845 2380 1004 2437 immanem
1028 2420 1037 2448 ,
1057 2379 1105 2435 cir·

105 2448 124 2483 ²
235 2452 430 2526 complicatam
444 2450 626 2527 serpentibus,
647 2471 824 2532 quacumque
838 2453 999 2525 incederet,
1011 2455 1104 2513 omnia

235 2527 358 2594 arbusta,
378 2527 511 2602 virgulta,
531 2529 603 2591 terra
620 2545 791 2606 pervertere:
812 2533 842 2588 ἃ
856 2548 920 2588 eum
938 2529 1104 2590 'admiratum

86 2621 95 2673 i
111 2619 225 2683 quidnam
235 2600 358 2688 quaeliffe
372 2602 408 2663 de
420 2605 493 2676 deo,
513 2602 670 2684 iquodnam
690 2607 756 2668 illud
777 2603 843 2670 ellet
861 2607 914 2671 tale
936 2608 1088 2666 monstrum
1077 2685 1105 2742 ἃ

85 2689 137 2739 alii.
192 2713 193 2717 =
249 2718 253 2727 f
361 2725 364 2728 .
538 2725 542 2733 .

266 2909 304 2960 ⁸⁴·
321 2903 444 2951 columnam
454 2919 559 2961 auream,
573 2919 617 2968 qiu
627 2904 674 2964 effer
685 2908 708 2951 in
718 2906 769 2962 fano
783 2904 876 2966 Junonis
891 2906 1013 2964 Lacinia]
1042 2899 1104 2953 Libri

234 2964 307 3013 nostri
322 2965 362 3015 lex
380 2981 419 3016 aut
437 2971 517 3026 Lycia,
533 2979 572 3016 aut
582 2972 660 3016 Lucia.
676 2966 739 3018 fond
751 2967 827 3030 inquit
839 2967 997 3025 Gulielmius,
1015 2972 1104 3017 Lucina·

234 3029 318 3076 malim
329 3030 459 3094 vulgatum.
476 3035 563 3081 Gruter.
597 3032 720 3088 Columnam
734 3049 840 3086 auream,
856 3030 1054 3094 quaeeffetinfano
1064 3029 1105 3088 Jn·
1143 3052 1146 3061 ·

233 3096 294 3136 nonis
309 3094 421 3151 Lacinia]
450 3092 556 3154 Plerique
572 3088 674 3142 Codices
694 3097 777 3148 Liria,
793 3097 873 3151 che'ae,
890 3091 928 3140 vel
945 3097 1036 3150 Lucia
1051 3105 1107 3154 qua·

233 3165 330 3217 propter
345 3155 487 3203 Gulielmius
501 3156 664 3218 reponendum
674 3158 790 3216 coniecit,
805 3173 850 3220 qua
860 3156 905 3216 effer
918 3160 942 3202 in
950 3157 1005 3214 fano
1017 3156 1107 3213 iunonis

234 3218 326 3263 Lucina.
345 3220 499 3280 Praeterquam
517 3233 573 3266 vero
584 3218 649 3282 quod
665 3220 690 3269 io
712 3218 847 3275 huiusmodi
858 3221 995 3267 narratione
1008 3220 1106 3280 templum

234 3277 327 3335 ymonis
340 3281 422 3327 lucina
440 3295 594 3340 memorare,
616 3284 673 3331 loeo
687 3281 725 3343 ubi
742 3283 811 3332 lirum
821 3281 877 3333 effer
893 3279 1000 3338 omisso,
1017 3278 1106 3344 prorsur

234 3338 268 3389 est
283 3339 425 3398 absurdum
452 3347 570 3391 columnam
584 3363 672 3393 auream
687 3347 782 3404 solidam
797 3346 928 3404 inJurronis
944 3348 1040 3392 narnia
1055 3357 1105 3390 rm·

232 3406 267 3467 plo
279 3405 388 3465 fiacraaam
398 3403 466 3455 fuiffe
474 3405 565 3455 constat
576 3423 607 3457 ex
617 3409 678 3458 Livii
691 3409 736 3458 lib.-
744 3424 814 3463 ων.
831 3423 882 3475 cap.
896 3423 918 3471 ³·
936 3407 1048 3470 adeoque
1056 3404 1103 3455 vul·
1135 3440 1142 3463 ,

233 3478 291 3542 gata
302 3467 436 3524 terricum
450 3467 618 3527 ausurum
650 3472 733 3542 Dav&
1010 3539 1039 3597 ,ὅ
1066 3531 1106 3580 ω·
