2296 3908
109 134 301 203 Linea
343 136 678 233 Sacouoos.
748 154 831 224 2977

37 244 142 304 ondene
163 247 317 318 deorsum,
342 262 390 307 aut
415 248 528 307 levitate
562 250 592 306 in
612 247 726 307 sublime
746 250 827 310 ferri:

37 339 78 379 am
93 338 222 383 neutrum
237 324 308 383 astris
322 327 513 400 contingeret,
532 336 678 399 propterea
691 323 827 402 quodeo·
852 387 856 394 ,

42 411 136 458 motus
156 402 185 459 in
208 400 306 459 orbem
327 402 489 478 circumque
509 403 634 460 ferretur.
673 403 735 460 Nec
756 402 825 461 vero

37 475 115 533 >otest
128 477 158 535 vi
171 477 291 553 quadam
306 479 413 553 maiore
427 477 487 536 fieri
502 520 511 546 ‚
531 489 563 535 ut
582 491 679 537 contra
700 491 825 538 namnam

39 565 215 619 moveantur.
251 571 316 629 quae
336 555 412 614 enim
434 555 522 630 potest
543 555 633 628 major
647 551 728 612 elle?
748 558 827 614 rellat

37 642 55 694 ·,
76 638 107 685 ut
122 643 218 688 motus
230 629 363 688 alliorum
376 630 409 689 sit
422 631 601 697 voluntarius.
642 648 708 707 quae
721 633 769 707 qui
785 633 827 691 vi-

37 746 38 757 ,
62 720 120 761 non
135 704 248 765 indoffl
261 705 373 775 solum,
394 706 491 765 verum
514 707 598 765 etiam
619 706 705 781 impie
727 706 827 777 facian

37 798 60 839 >s
75 777 128 839 else
142 795 233 857 neget.
272 783 334 841 Nec
355 782 418 842 sane
439 783 559 842 multum
579 782 689 841 interest
704 783 826 860 ,futrum

37 869 107 932 get,
146 876 180 917 an
204 876 252 918 eos
274 861 355 919 omni
376 861 572 936 procuratione
600 872 683 935 atque
713 856 826 919 afflone

37 946 55 990 r.
94 932 162 994 mihi
184 938 260 1001 enim
276 980 285 1007 ‚
304 937 353 1013 qui
374 938 441 996 nihil
461 938 533 1012 agit3
553 933 606 993 elle
626 937 746 994 omnino
767 955 826 996 non

37 1028 75 1070 ur.
112 1011 174 1071 Effe
187 1013 269 1087 igitur
284 1013 351 1072 deos
365 1013 403 1071 ita
416 1013 588 1089 perspicuum
602 1012 656 1081 est,
676 1025 723 1082 ut,
742 1014 771 1072 id
778 1016 827 1089 qui

37 1104 58 1154 t,
79 1091 124 1147 vix
138 1106 204 1147 eum
216 1088 288 1147 sanae
306 1090 407 1148 mentis
421 1090 585 1148 existimem.

37 1162 88 1223 (ll.
109 1167 329 1235 salanam,
356 1179 387 1224 ut
403 1185 412 1235 ς
431 1166 517 1242 qualis
538 1183 635 1224 eorum
652 1176 747 1224 natura
768 1165 800 1224 sit
814 1182 868 1241 445

37 1238 178 1300 deremus:
198 1243 298 1317 inquo
316 1240 386 1316 nihil
406 1242 444 1300 est
464 1242 599 1301 difficilius
618 1240 734 1317 quaml
756 1258 826 1301 con-

37 1316 100 1376 dine
121 1318 270 1377 oculorum
291 1317 381 1376 aciem
404 1319 505 1376 mentis
524 1318 668 1376 abducere.
704 1336 736 1376 ea
757 1319 829 1379 diffl-

37 1412 42 1451 a
56 1394 182 1462 induxit,
201 1396 231 1451 &
245 1393 330 1469 vulgo
344 1395 510 1528 imfiperit083
538 1397 567 1453 &
590 1394 687 1453 similes
709 1394 829 1469 philolo·

43 1471 259 1543 imperitorum
276 1483 323 1538 ut,
342 1471 372 1529 ni
413 1470 504 1545 figuris
524 1472 674 1530 hominum
698 1471 829 1531 constitu-

37 1545 98 1603 nihil
110 1543 219 1621 pollent
231 1547 267 1605 de
281 1546 331 1606 diis
351 1547 551 1606 immortalibus
571 1548 702 1623 cogitare.
731 1544 826 1624 -Cuju'a

37 1623 101 1680 ,onis
114 1621 208 1680 levitae
224 1623 366 1681 confutata
379 1623 395 1682 a
411 1626 495 1682 Cotta
515 1642 574 1683 non
596 1623 729 1682 desiderat
742 1637 848 1688 ‘lora-q
865 1629 939 1677 canoa

40 1716 67 1756 m
83 1716 184 1757 meam.
223 1698 357 1777 Sedclam
371 1700 454 1758 talem
470 1696 524 1758 elle
537 1701 621 1759 deum
644 1710 753 1759 5acerta
772 1696 948 1761 no-ss‘mma

37 1800 38 1809 ¹
59 1775 143 1833 animi
165 1775 395 1851 praesentiamus3
422 1776 543 1851 primum
571 1789 603 1834 ut
624 1776 656 1835 sit
678 1779 825 1849 animans,

37 1849 62 1909 le
75 1862 105 1909 ut
126 1853 155 1909 in
178 1852 259 1911 omni
278 1864 374 1911 natura
393 1852 461 1912 nihil
482 1871 518 1912 eo
535 1851 567 1910 sat
582 1853 770 1928 praestantius:
791 1857 827 1916 ad

43 1926 255 2001 praesenfionem
282 1930 488 2006 notionemque
509 1929 629 1988 nostram
652 1930 720 1989 nihil
741 1932 826 1993 video

57 2003 148 2078 ponus
169 2005 413 2077 accommodem,
432 2004 519 2082 quam
546 2019 578 2064 ut
603 2005 724 2081 primum
752 2008 827 2068 hunc
835 2012 858 2059 Ρ.
880 2013 977 2074 xxxvi

740 2084 829 2158 ipsum

43 2258 102 2311 Saul
116 2260 198 2321 restat,
219 2256 244 2309 aa
257 2265 341 2326 aliquis
356 2263 394 2315 &c
411 2269 421 2322 ]
454 2261 543 2313 Deleto
558 2260 670 2311 adverbIo
681 2259 735 2324 fitne*
749 2261 830 2326 lego,

37 2360 45 2383 ,
60 2339 86 2373 ao
96 2327 177 2390 aliquis
188 2343 275 2383 aarum,
288 2328 333 2378 &a
366 2329 431 2375 Nam
443 2325 547 2390 primum
558 2323 611 2386 fiae*
628 2324 675 2373 laoc
690 2324 745 2373 loco
756 2327 829 2377 inane

43 2389 149 2452 ineptum
161 2387 202 2437 est.
235 2388 323 2438 deinde
333 2389 386 2452 quis
397 2404 446 2446 non
459 2388 542 2446 videt,
559 2389 605 2437 laoc
614 2387 668 2447 fitne*
683 2388 729 2437 effe
740 2403 825 2441 narum

37 2450 135 2515 ligentia
148 2454 174 2500 δι
190 2449 330 2501 oscitatione
347 2451 462 2514 sccipcotin
477 2450 583 2507 libranii,
599 2451 640 2513 qui
655 2464 749 2514 propte:
765 2453 826 2511 illud¹

37 2518 115 2571 annis,
131 2514 197 2576 quod
207 2514 239 2563 est
250 2515 316 2579 supra
327 2514 436 2577 proxime
447 2551 455 2572 ,
468 2515 513 2563 huc
527 2515 612 2563 iterum
624 2514 676 2574 sane*
690 2514 827 2565 inculcarit?

37 2592 70 2625 no
80 2577 245 2640 undecumque
255 2591 339 2627 natum
349 2576 393 2641 lic,
408 2577 549 2634 delendum,
564 2589 589 2625 ut
600 2577 703 2625 alienum
714 2578 739 2626 δι
752 2575 831 2640 supete
925 2601 929 2610 ·

37 2654 97 2690 oum.
130 2647 159 2691 ln
168 2655 217 2689 uno
229 2641 326 2703 quidem
338 2640 401 2691 cod.
415 2640 457 2690 ms.
474 2639 539 2690 lincol
550 2639 678 2689 transmisi
693 2638 838 2690 confollum'

37 2700 126 2753 Eodem
138 2704 208 2767 plane
218 2701 334 2767 scriptam
348 2719 425 2753 ertone
440 2705 464 2752 in
475 2720 511 2766 ep.
525 2713 546 2751 Β.
565 2701 605 2751 lib.
619 2717 681 2752 nana.
699 2702 729 2750 ad
742 2708 792 2752 An.
804 2704 831 2768 in

37 2764 180 2816 romeliano
194 2764 237 2816 ms.
254 2767 344 2829 alioqui
355 2768 503 2816 emendacill'.
517 2764 626 2829 sciiptum
644 2764 676 2813 cll
691 2764 738 2814 hoc
753 2766 830 2815 modo

39 2828 154 2891 epistolae:
174 2829 240 2878 Plana*
250 2829 362 2888 fallarum
372 2834 429 2877 nihil
440 2844 501 2887 erac,
516 2831 573 2892 quod
588 2829 714 2887 ,scriberem
729 2829 774 2880 &o
790 2827 831 2897 ”bl

37 2894 129 2941 aularum
145 2893 222 2943 inania
238 2895 264 2941 &
279 2892 450 2956 supervacanea
464 2892 518 2947 est,
536 2903 591 2938 nata
606 2890 699 2939 erlino
709 2890 832 2955 lupenoris

37 2956 80 3011 lae,
94 2957 135 3018 qui
145 2957 200 3005 talis
210 2953 256 3003 cst:
274 2955 371 3017 (onainul
389 2969 410 3002 te
424 2959 533 3003 certiorem
544 2957 580 3014 effe
586 2953 706 3011 faciurum.
724 2954 835 3017 Lambin.

50 3023 202 3067 emanatione
214 3022 285 3066 animi
294 3021 352 3076 ian]
381 3019 503 3067 Nonnulli
512 3030 542 3065 ex
554 3015 638 3065 nollnis
653 3014 710 3064 libb.
721 3015 773 3066 mll.
790 3016 835 3077 ha-¹

49 3094 105 3128 certa
114 3085 197 3128 rarione
206 3085 277 3129 animi
286 3085 331 3135 iac.
349 3079 423 3142 qulm
433 3082 581 3146 scripturam,
596 3080 705 3142 quamvis
715 3080 740 3127 in
751 3081 833 3127 locum

37 3159 61 3193 εκ
73 3142 206 3194 substituere
217 3159 268 3193 non
286 3143 358 3193 anfim
371 3178 379 3199 ,
393 3158 475 3193 tamen
491 3143 568 3193 nihilo
584 3144 660 3204 magis
676 3141 749 3189 ausim
762 3141 834 3190 dam-

56 3222 113 3256 nam
125 3207 182 3273 sepe
193 3212 249 3254 ratio
260 3212 331 3255 animi
343 3206 463 3270 usurpatur
478 3208 492 3256 a
508 3206 577 3255 bonis
594 3204 759 3270 scriptoribus3
776 3220 800 3253 ut
817 3206 834 3253 ὲ

37 3270 71 3319 tio
86 3271 146 3320 locis
157 3270 269 3335 plutibus.
285 3271 390 3331 exempli
402 3269 478 3334 gnatia
493 3268 534 3317 lib.
547 3286 566 3318 ι.
588 3275 648 3326 Nec,
664 3272 745 3315 ratione
761 3266 834 3315 animi

38 3339 155 3397 quisquam
163 3334 223 3397 poffir
233 3336 308 3396 apafii.
343 3336 472 3388 Omnino,
489 3344 514 3380 ut
530 3330 601 3389 dixi,
621 3332 682 3380 nihil
698 3331 738 3379 laic
750 3346 834 3384 muro,

37 3399 70 3445 aia
80 3397 180 3460 antiqua
191 3397 301 3463 scriptum
311 3395 340 3454 [it
350 3395 656 3462 pcobabills.ve1umtamen
667 3393 835 3459 iudicetlcolot

37 3464 72 3513 ila.
101 3462 202 3515 umam.
800 3498 824 3529 ,Ἀ

361 3528 412 3577 Ena
427 3540 469 3573 ece
483 3528 526 3572 m
541 3536 556 3575 2
735 3522 770 3578 ἐς.
787 3508 843 3579 Mat·
