2296 3908
99 102 292 181 brnen
335 107 671 179 seconnus.
744 123 827 194 2979

12 218 75 287 ais,
114 216 145 274 ὅτ
166 214 350 291 cylindrum,
375 217 406 274 &
447 216 622 292 pyramidem
656 213 825 291 pulcriorem

7 322 30 353 ,η
57 292 193 369 sphaeram
213 291 309 352 videri.
364 293 482 351 Novum
509 293 593 363 eriam
614 294 759 355 oculorum
778 292 825 367 ju.-

26 386 56 429 m
88 367 201 426 habetis.
240 367 294 439 Sed
324 365 377 428 lint
407 366 454 426 ista
483 366 644 455 pulcriora,
679 368 823 428 dumtaxat

63 464 105 503 u:
133 442 222 518 ·quod
251 443 321 503 mihi
351 456 447 503 tamen
480 443 569 518 ipsum
598 463 657 505 non
687 445 819 516 videtur:
885 474 888 479 -

18 523 31 595 ’Ῐ
58 521 118 580 nim
137 519 255 595 pulcrius
276 518 310 577 ei
329 518 438 596 figuri,
468 538 532 595 quae
560 520 615 579 sola
636 538 735 580 omnes
757 520 821 580 alias

65 596 212 671 complexa
226 598 368 666 continet,
388 614 508 674 quaeque
522 596 591 655 nihil
612 595 757 671 asperitatis
770 597 821 654 ha·

13 700 32 743 „s
42 673 121 745 pihil
133 669 292 741 offensionis
304 673 409 748 potest,
428 673 497 744 nihil
509 672 624 731 incisum
638 673 759 748 angulis,
778 672 822 731 ni·

69 749 182 821 diibus,
201 748 270 807 nihil
283 749 425 819 eminens,
436 747 719 808 nihilrncunosum?
740 747 840 807 cuim-t
855 749 954 800 lacinio·

5 830 86 885 1ae
100 824 368 900 sormaepraestantes
382 826 450 894 sint,
471 842 505 883 ex
521 824 609 884 solidis
625 868 634 895 ‚
653 825 750 900 globus
771 825 819 899 (sic
829 809 935 871 lumem,

7 899 44 979 J
59 902 337 977 deiparinterprerari
352 901 454 977 placet)
474 919 509 959 ex
529 902 614 976 planis
628 913 721 961 autem
739 944 748 971 ,
768 888 883 959 cir-'‘³‘'

5 983 46 1057 ,233
61 982 112 1039 ''aut
125 978 211 1048 orbis,
231 979 279 1053 qni
294 974 393 1044 κύκλος
406 976 506 1036 Griece
527 977 642 1046 dicitur,
662 980 703 1036 his
717 978 820 1038 duabus

2 1121 4 1124 .
42 1063 44 1084 ²
63 1056 199 1131 contingit
211 1053 289 1123 solis,
309 1066 340 1113 ut
354 1072 453 1113 omnes
469 1072 563 1112 earurn
579 1067 667 1128 partes
682 1054 734 1112 sint
748 1054 820 1112 inter

11 1136 50 1198 ἦέ
79 1133 167 1201 'mae,
201 1129 217 1190 i
240 1131 392 1209 medioque
420 1142 528 1190 tantum
551 1130 616 1189 abfit
644 1143 820 1205 extremum,

57 1227 84 1267 m
98 1210 174 1269 idem
189 1207 206 1267 i
219 1207 340 1266 summo.

13 1294 27 1338 τῇ
37 1294 50 1340 ζ’.
70 1286 138 1345 nihil
151 1283 209 1342 fieri
224 1285 313 1357 potest
326 1285 422 1359 aptius.
460 1282 514 1359 Sed
527 1284 547 1357 li
560 1284 623 1343 haec
637 1301 696 1344 non
710 1281 862 1356 videtis,48

0 1372 192 1438 22-2333umquam
215 1358 352 1418 eruditum
381 1358 493 1433 5⁸illum
522 1360 664 1436 pulverem
684 1360 818 1435 attigistis:
859 1361 884 1410 P·
903 1361 934 1416 ⁸·

0 1448 95 1506 roc
109 1436 223 1514 quidem
237 1434 342 1511 physici
355 1436 504 1510 intelligere
518 1435 639 1512 potuistis
653 1478 661 1504 ‚
688 1437 760 1494 hauc
780 1452 821 1495 ae.-

0 1513 41 1583 *sijjfi
56 1526 116 1573 tem
151 1524 244 1570 motus
275 1510 306 1553 ⁶0
314 1512 549 1588 constantiamque
569 1512 699 1571 ordinum
720 1513 749 1570 in
769 1512 820 1572 alia

126 1585 241 1663 potuisse
255 1587 351 1647 servari
367 1586 380 1645 ἓ
401 1588 497 1665 ltaque
512 1588 578 1648 nihil
599 1588 687 1663 potest
710 1584 763 1647 elie
777 1588 820 1646 in.-

79 1665 164 1743 quim
179 1664 255 1740 quod
271 1662 286 1722 d
302 1665 379 1731 vobis
401 1663 528 1722 affirmari
541 1664 619 1724 solet.
658 1664 720 1723 Nec
741 1665 818 1730 enim

1 1806 4 1812 ,
32 1748 43 1811 ζῆ
74 1742 131 1801 sum
148 1740 284 1799 mundum
326 1759 357 1800 ro
377 1753 454 1799 certo
474 1741 626 1800 rotundum
647 1737 701 1799 effe
723 1739 821 1801 dicitis.

137 1816 219 1887 fieri,
246 1829 277 1877 ut
349 1817 400 1891 alia
421 1815 530 1893 figura:
552 1816 819 1892 innumerabilesque

33 1921 34 1924 ’
737 1910 819 1957 mun-

1 2117 37 2173 {2123
76 2122 97 2159 ιτ
107 2108 209 2171 mundos
219 2109 277 2166 else,
293 2111 377 2160 volunt
393 2111 440 2161 hoe
455 2110 497 2161 fibi
513 2111 583 2171 dari,
602 2122 628 2161 ut
643 2109 740 2161 credant
754 2109 816 2161 alios

9 2181 12 2185 “
43 2196 64 2214 ·
78 2170 139 2235 effe,
152 2175 212 2237 alios
222 2176 296 2224 aliam
306 2172 372 2239 poffe
383 2173 458 2225 sortiri
466 2175 581 2225 sormam.
614 2180 652 2224 De
667 2189 717 2239 quo
727 2175 752 2222 in
764 2175 817 2223 Pla·

4 2244 26 2289 Ἰ.’
54 2237 136 2288 rarehi.
170 2239 282 2286 betuleius,

0 2304 25 2364 jj³
47 2303 105 2349 ilum
117 2301 247 2363 pulverem]
272 2300 442 2350 Mathematica
459 2302 533 2352 studia
564 2299 648 2349 uiveris
662 2300 761 2349 nomine
777 2312 818 2363 pet

8 2371 13 2384 ³
35 2372 36 2375 ’
62 2366 95 2421 ¹¹0·
109 2363 230 2426 intelligit.
262 2362 325 2427 Quid
334 2365 399 2413 enim
411 2365 522 2415 celebrius
531 2315 563 2412 ei
576 2363 723 2412 Archimedis
736 2363 819 2425 pulve-

38 2439 41 2460 1
65 2440 94 2474 oc
105 2424 160 2475 ideo
170 2428 334 2491 moneo,quia
344 2428 421 2483 video,
433 2429 550 2488 quosdam
562 2428 681 2491 pulverem
691 2426 818 2483 cursorium

59 2489 147 2559 lligere
181 2489 272 2539 Marsus
286 2490 349 2540 rede
371 2489 499 2554 exposuit:
532 2492 557 2539 δι
581 2488 665 2546 addit,
690 2490 817 2563 Epicureos

7 2581 13 2593 2
36 2576 52 2611 :¹
84 2554 90 2564 “
107 2567 145 2601 am
157 2549 285 2623 neglexisse
299 2590 306 2608 ,
322 2557 388 2602 Nam
402 2554 537 2617 Polyaenum
553 2552 756 2601 {mathematices
769 2551 817 2600 llu-

3 2628 116 2674 ocare
137 2629 210 2678 quarn
228 2612 291 2679 sequi
306 2617 398 2666 maluit.
432 2621 462 2666 Et
482 2618 506 2665 in
524 2631 542 2667 r.
566 2615 596 2663 de
610 2615 706 2677 Finibus
722 2627 816 2665 taxatur

0 2680 13 2743 j,
30 2680 220 2743 Democritus,
250 2670 316 2743 qubd
348 2678 527 2739 mathematices
560 2677 634 2728 studia
658 2676 815 2744 posthaberet.

10 2824 12 2827 ’
60 2860 63 2866 Ι
88 2822 107 2851 e
116 2805 247 2867 sicquidem
254 2806 325 2869 phys]
336 2804 417 2855 Nostri
429 2804 485 2856 libb.
499 2818 556 2855 vett.
570 2820 620 2853 non
631 2803 769 2861 habentem
787 2804 814 2853 δε

32 2869 65 2917 ss
75 2865 183 2930 scriptum
200 2866 233 2916 est
247 2900 255 2924 ,
280 2885 306 2915 ne
319 2872 356 2916 hoc
369 2871 456 2932 quidem
469 2870 547 2932 phyfici
561 2870 652 2930 inreliig.
661 2880 706 2926 por.
728 2867 753 2914 in
769 2880 817 2929 qua¹

43 2953 54 2972 ν
77 2931 123 2978 hoc
140 2943 249 2994 preterea
267 2929 563 2991 animadvertendumest‚
596 2931 816 2993 anicmamquimn·

4 3024 9 3037 ,
47 2991 112 3042 =esse
122 3007 177 3042 ante
193 2996 376 3058 nomenpiyfici,
396 2995 522 3058 quomodo
533 2947 656 3043 edidimus.
675 3007 732 3040 nam
742 2991 816 3057 vulgi>

9 3104 32 3125 ‚4
52 3070 92 3112 ur,
107 3074 160 3103 anae
173 3062 210 3103 boc
216 3058 295 3120 physici
303 3060 389 3122 quidem
400 3061 468 3109 intell.
482 3057 603 3106 mendose.
622 3058 720 3104 Lambr'n.

51 3118 217 3185 sustantiamque
226 3122 345 3179 ordinum]
360 3119 465 3184 Suspicor
475 3123 618 3170 ciceronem
629 3115 752 3183 scripsisse,
769 3137 818 3166 con-

10 3200 12 3203 ·
26 3206 29 3241 3
52 3199 93 3248 que
103 3186 129 3235 (φ
139 3186 254 3230 ordinem.-
271 3198 328 3235 nam
338 3183 439 3249 semper,
455 3198 531 3247 puto,
547 3183 580 3232 ita
590 3183 695 3246 loquitur
705 3182 734 3229 de
746 3195 773 3229 ea
784 3197 816 3232 re.

10 3234 820 3373 1‘milliriummammutiussinsin

48 3384 122 3419 ouem
135 3370 240 3435 Davifii)
255 3374 407 3424 admirabilem
424 3374 517 3420 ordinem
533 3374 718 3438 incredibilemque
728 3371 822 3432 constam-

2 3473 22 3515 .J
45 3426 154 3498 Bouhier.
192 3432 194 3437 '

367 3473 418 3550 Eri
431 3514 473 3551 m
486 3513 554 3560 ure
736 3501 772 3542 6¹·
788 3493 825 3540 Bi!
