2296 3908
265 135 457 200 Line-n
500 129 748 197 turnus.
863 143 900 213 31

63 240 296 305 nomentantirm
311 249 416 298 tenent.
440 240 515 297 Nam
532 251 647 298 utnune
662 240 747 298 extis:
767 251 941 314 quamquam

61 322 94 381 id
106 320 194 396 ipsum
209 315 350 395 aliquanto
365 315 477 383 minits,‚
492 316 578 391 quim
593 318 660 377 olim
676 339 685 383 ;
707 314 781 374 ttfic
800 326 861 372 tum
884 313 944 370 avi·

63 396 115 456 bus
129 413 240 471 magnae
255 412 297 452 res
311 394 443 468 impetriti
457 393 586 452 solebant.
625 394 741 468 ltaque,
757 392 856 450 smillra
872 391 941 449 dum

63 490 125 534 non
154 471 349 547 exquirimus„
385 469 492 536 indita
519 472 547 527 &
574 471 602 529 in
628 470 722 528 vitiosa
752 468 939 533 incurrimus;

64 563 98 608 itt
126 550 156 608 P.
181 549 311 607 Claudius
341 545 425 619 Appii
447 545 525 604 Caeci
549 545 643 614 filius,
677 550 791 623 ejusque
812 546 986 622 collega,29

65 626 103 685 L.
118 627 232 698 Junius,
252 620 343 688 classes
358 622 492 680 maximas
506 623 699 696 perdiderunt,
719 624 782 682 ciim
799 623 869 682 vitio
891 643 941 683 na-

66 701 210 776 vigalient.
247 698 336 776 Quod
365 697 467 756 eodem
492 701 581 758 modo
601 703 697 765 evenit
720 703 942 778 Agamemnoni.

66 781 133 857 qui,
154 778 218 838 cim
232 778 336 836 Achivi
355 772 496 850 coepilsent
946 794 962 844 d
974 797 1019 860 ps,
1080 806 1094 849 2,
1130 804 1133 809 ·

91 874 94 879 ·
146 866 219 913 inter
229 852 275 928 dfe
284 854 401 927 strepere,
409 868 543 927 aperteque
556 868 642 912 artem
655 853 765 914 obterere
776 856 940 933 extispicum
948 859 1029 910 Datis.
1088 884 1094 901 ι

146 933 247 989 Solvere
261 932 370 1005 imperat
376 929 488 1001 secundo
503 949 604 986 rumore
619 974 627 999 ‚
648 933 830 1009 §adversaque
842 936 900 993 avi.
980 929 1003 975 Ρ·
1026 927 1051 973 ⁸·
1068 926 1071 937 ’

67 1008 124 1071 Sed
138 1008 206 1084 quid
220 1004 340 1065 vetera?
362 1006 404 1063 M.
420 1004 514 1063 Crasso
533 1007 601 1081 quid
622 1010 774 1079 acciderit,
795 989 1091 1100 videmusfpl‘rs‘l*

68 1086 190 1145 dirarum
204 1083 417 1144 obnuntiatione
431 1084 563 1156 negleeta.
604 1085 635 1142 ln
651 1104 708 1160 quo
726 1089 831 1163 Appius
840 1131 848 1156 ,
858 1067 962 1148 colle-²
973 1068 998 1106 ³⁴

68 1180 106 1238 ge
122 1175 201 1231 tuus,
220 1162 309 1219 bonus
325 1177 426 1232 augur,
448 1174 478 1216 ut
493 1178 527 1218 ex
542 1162 678 1219 reaudire
694 1164 786 1233 soleo,
808 1184 866 1224 non
882 1166 943 1225 latis

70 1239 187 1300 scienter
202 1239 291 1299 virum
315 1236 422 1300 bonum
443 1237 472 1296 &
493 1239 584 1295 civem
603 1241 743 1313 egregium
759 1244 855 1300 censor
869 1244 944 1303 trC.

70 1315 191 1392 Atejum
205 1315 329 1384 notavit,
349 1311 610 1389 quddementitum
630 1316 745 1391 auspicia
760 1319 946 1455 snbstripffiit'
1015 1312 1018 1320 '

62 1430 65 1434 ·
912 1416 948 1457 οι

73 1531 141 1583 luitur
149 1531 176 1581 in
185 1530 327 1584 Turnebum.
343 1549 400 1585 nam
411 1537 513 1599 auspiciis
524 1549 573 1585 non
586 1534 661 1586 solum
673 1535 751 1585 visitur
760 1538 785 1586 in
797 1536 950 1596 Victoriana,

74 1595 117 1646 sed
128 1597 153 1643 in
165 1597 221 1646 Pali.
239 1599 263 1646 in
274 1598 412 1656 Pithoeuno‚
427 1601 451 1648 in
463 1606 484 1649 s.
499 1601 598 1648 vilioris
611 1599 661 1649 mis.
680 1604 767 1650 Grntcr.

107 1676 147 1716 43.
165 1663 203 1707 Sic
214 1665 347 1708 tumavilrus
360 1680 437 1727 magne
454 1681 486 1710 ret
506 1667 608 1725 inpetriri
620 1665 735 1724 solebant]
766 1671 802 1713 lta
819 1661 867 1713 sine
877 1663 950 1713 dubio

75 1721 207 1787 legendum
217 1722 257 1774 est.
274 1740 323 1773 uon
336 1739 361 1773 ut
372 1741 455 1782 antea,
472 1731 587 1789 impertiri.
622 1726 750 1775 errantem
762 1732 870 1788 inpetriri
884 1742 951 1777 vetus

75 1788 189 1851 augurale
199 1786 294 1836 terbum
307 1821 315 1843 ,
332 1789 397 1849 quod
409 1789 473 1838 idem
484 1793 570 1839 Cicero
581 1790 672 1853 ulurpat
683 1791 724 1839 lib.
737 1795 765 1840 ll.
789 1791 817 1838 de
831 1793 885 1841 Diu.
897 1805 949 1854 cap.

77 1866 88 1900 ι
93 1867 116 1907 ς.
131 1853 184 1913 Qui
193 1855 278 1909 evenit,
294 1852 385 1914 inquit,
401 1867 426 1899 ur
438 1860 473 1907 is,
488 1860 527 1917 qui
539 1859 646 1915 impetrire
661 1857 729 1910 velit,
746 1859 899 1902 convenientem
913 1858 953 1903 be-

71 1913 144 1976 stiam
155 1914 268 1974 relussuts
281 1914 393 1963 immolet?
408 1921 438 1964 Et
450 1919 542 1966 Plautus
555 1919 578 1963 in
592 1915 655 1966 Asin.
669 1918 721 1969 Ast.
731 1931 762 1966 11.

215 1982 365 2039 Impetritum,
380 1983 532 2042 r'naugurntum
541 1979 583 2039 est:
600 1986 677 2044 quovis
690 1983 808 2028 admittunt
818 1996 877 2028 aves.

75 2039 243 2091 Restituendus
255 2039 288 2088 est
299 2042 372 2089 etiarn
383 2043 450 2090 locus
459 2044 500 2091 ille
510 2043 572 2107 apud
584 2045 703 2091 Valetium
716 2043 756 2092 lib.
765 2057 782 2091 1.
800 2058 850 2105 cap.
859 2058 880 2091 1.
900 2047 951 2092 Pri·-

70 2106 107 2167 sce
118 2109 184 2162 ep'am
196 2105 291 2162 institute
303 2105 362 2151 relus
372 2107 456 2152 divinis
468 2119 528 2168 opera
539 2110 604 2152 datur
615 2139 622 2161 ,
642 2123 689 2151 cum
701 2107 790 2168 aliquid
804 2109 953 2154 cemmendan-
1024 2146 1026 2150 ,

75 2170 131 2215 dum
141 2169 187 2226 est,
203 2171 343 2230 precariam
360 2185 408 2213 cum
423 2171 569 2231 exposcendum
586 2183 652 2224 νοτυς
672 2194 761 2207 ---
778 2186 825 2214 cum
840 2172 954 2231 inquiren·

75 2233 131 2279 dum
141 2233 243 2279 velentis
254 2231 391 2288 velsertt'bns
401 2262 409 2285 ,
431 2235 537 2291 impetrire
552 2248 561 2277 .·
579 2247 628 2278 non
640 2264 646 2284 ‚
668 2243 692 2281 ut
704 2231 776 2293 vulgo
787 2233 892 2293 legitur,
907 2239 954 2281 im·

72 2297 161 2357 pertita.
195 2292 266 2358 Quod
278 2305 357 2341 autem
369 2292 416 2341 hoc
427 2294 477 2357 ipso
487 2296 512 2342 in
522 2294 583 2342 libro
593 2293 679 2359 legitur
694 2299 832 2356 impetrandis
846 2298 956 2357 consulen-

77 2358 153 2421 disque
164 2359 223 2403 rebut
230 2376 238 2413 3
255 2355 340 2404 malim
350 2357 442 2420 legere,
456 2361 602 2420 impertiendis
616 2376 681 2419 quam
691 2362 836 2419 impetrandis.
870 2361 957 2409 Diver-

77 2417 103 2469 sa
112 2422 179 2468 enim
190 2418 240 2468 sunt
251 2425 360 2484 impetrire
371 2427 396 2469 ἃ
407 2425 533 2482 impetraret
551 2423 676 2470 nonenim
694 2420 772 2469 Festus
784 2455 791 2476 ,
813 2420 851 2469 sed
867 2423 955 2484 opinor

78 2485 174 2531 Paullus
184 2484 243 2532 illud
255 2482 359 2544 scripse,
377 2490 525 2546 lrnperritum,
542 2489 685 2546 impetratum.
703 2488 831 2534 tutinus.
862 2490 955 2533 Omnes

66 2540 179 2609 ‘quidem
190 2545 243 2595 libri
256 2545 343 2594 habent
354 2552 463 2610 impertiri
468 2567 476 2604 3
494 2548 533 2598 sed
544 2548 671 2612 legendum
682 2547 766 2595 censeo
776 2553 891 2609 imptrn'ri.
909 2555 958 2595 lm·

78 2613 160 2673 perriri
169 2623 249 2657 nutem
261 2610 385 2671 antiquum
397 2611 512 2670 uerbum,
529 2626 579 2675 qno
597 2624 686 2658 veteres
701 2610 824 2658 utebantur
840 2615 864 2658 in
880 2610 959 2665 auspi·

78 2675 143 2728 ciis,
159 2674 223 2720 valet
241 2672 368 2734 impetrari.
391 2678 517 2725 Lambinus.
552 2673 611 2723 Vide
630 2672 791 2722 dodiisstmum
810 2674 900 2736 JCrurn
919 2678 955 2723 Fr.

79 2741 268 2801 Hotomqnnum
282 2734 377 2784 Observ.
394 2736 434 2787 lib.
443 2753 476 2786 tv.
493 2754 574 2801 capae
592 2740 617 2785 ὃ(
629 2737 669 2786 lib.
678 2751 713 2786 vt.
730 2751 780 2799 cap.
790 2751 824 2785 ιι.
840 2739 922 2795 Davtfi

33 2800 36 2805 '
111 2817 150 2855 44·
169 2802 309 2859 Amnum]
327 2799 461 2849 Plutarchus
472 2802 497 2849 in
509 2799 592 2849 Crasso
604 2804 700 2860 „Atejum
710 2800 827 2861 appellat,
843 2815 893 2858 quo
903 2813 959 2848 mo·

80 2860 116 2909 do
128 2859 251 2913 niceriam
263 2861 391 2926 legendum
402 2877 473 2927 puro:
491 2864 588 2927 quando
599 2878 653 2911 eum
666 2863 738 2911 Dion.
754 2861 814 2910 llillt
828 2877 915 2912 xxxix.
934 2868 958 2912 ί.

81 2925 182 2981 „Ateium
198 2930 315 2987 &pirenem
331 2928 458 2983 nominat5
490 2932 561 2989 capito
578 2941 658 2977 autem
674 2939 811 2987 cognomen
823 2927 959 2984 Atriorum,

81 3001 136 3036 non
148 2988 291 3039 ‹AEthriernm
305 2989 358 3038 fuit.
375 2989 404 3038 de
415 2993 580 3054 prenomine,
596 2989 612 3037 sr
631 2989 735 3037 Dionem
752 2987 816 3048 sequi
833 2990 958 3045 volumus,

82 3055 161 3111 cipum
171 3048 339 3109 adscribomus,
356 3069 406 3102 non
417 3055 527 3104 Publium.
542 3058 668 3104 P.Manur.
704 3055 778 3105 atium
791 3057 906 3110 alecium]
921 3059 959 3100 lta

81 3115 136 3162 aliis
148 3126 251 3163 vocatur.
270 3115 325 3165 Mis.
342 3130 422 3165 tamen
444 3115 518 3165 nostri
530 3116 612 3164 favent
624 3117 722 3178 vulgato
734 3119 854 3174 ‹AEtliir'um
870 3133 879 3173 3
906 3129 959 3165 tam
991 3118 997 3133 ³

82 3177 136 3226 beic
148 3176 221 3238 quim
231 3176 300 3228 infra.
318 3185 406 3228 Gruter.
438 3179 480 3227 Sed
494 3180 550 3241 quid
562 3180 649 3228 horrei
666 3191 705 3230 aut
719 3179 848 3228 voluntatis
864 3178 915 3235 est,
931 3191 959 3227 ue

84 3244 199 3289 Gruterus
215 3240 314 3291 ediderit
335 3243 412 3291 liarim
428 3257 549 3298 ementita,
577 3256 694 3304 quantum
710 3242 820 3304 intelligo
837 3276 844 3297 ‚
871 3256 956 3290 contra

81 3318 168 3352 omnes
181 3316 271 3351 veteres
281 3304 354 3355 libros
366 3304 435 3354 simul
446 3304 542 3365 scriptos
556 3304 624 3353 simul
635 3307 696 3367 typis
712 3305 789 3352 editos
800 3310 807 3352 i
831 3303 958 3367 presertim

80 3383 158 3431 quum
170 3365 229 3414 nihil
246 3366 343 3417 illustret
359 3367 507 3418 l'entenriim.
530 3371 581 3416 imo
597 3368 715 3428 sequentia
731 3371 855 3427 antiquum
868 3367 960 3415 confir·

79 3444 159 3545 ηιξκιε.
175 3429 253 3544 ignor
263 3430 293 3479 de
304 3446 335 3483 eo
345 3434 437 3484 nullum
450 3433 547 3482 verbum
557 3433 654 3482 fastum.
688 3433 750 3482 Hine
764 3431 829 3481 edidi
845 3445 869 3480 ur
885 3444 959 3492 opor-

80 3509 106 3551 te
124 3508 157 3549 att
213 3509 288 3550 rmw·

488 3568 540 3614 oto
555 3577 600 3610 m
615 3572 690 3632 poet
850 3571 887 3617 45.
907 3557 960 3620 Qu
