2296 3908
171 122 366 191 Lrnert
409 126 702 197 Trnrros.
809 152 885 220 3071

84 240 200 304 callim«
218 245 348 316 candens,
369 266 445 325 quem
463 246 592 304 invocant
609 264 695 302 omncs
714 244 825 317 Jovcm.

35 332 91 379 rete
104 321 186 397 igitur
200 321 288 399 plures
303 323 477 399 adjungimus
491 322 559 381 deos
575 320 588 380 i
608 330 711 397 quanta
730 333 822 380 autem
839 323 877 382 est

35 412 105 455 trum
123 398 302 459 multitudo?
329 400 398 459 mihi
417 399 533 477 quidem
554 395 618 457 sane
639 396 720 454 multi
740 397 905 477 videntur.q
920 413 999 467 hanr-

35 472 121 549 rgultc
134 474 210 535 enim
226 474 309 535 siellas
323 492 451 536 numeras
473 477 541 534 deos
558 516 566 542 ,
599 488 703 549 eosque
717 486 764 532 aur
777 474 878 534 bellur·
887 491 981 553 merum

35 564 69 607 ‚m
86 552 205 611 nomine
218 552 359 627 appellas,
388 550 454 611 3⁸ut
470 552 589 628 Capram
606 592 615 619 ,
634 562 665 608 ut
686 549 821 625 Lupam,
848 544 1026 619 urm-M·

35 640 204 697 aurum-ut
220 629 369 688 Leonem:
390 640 437 687 aut
458 645 549 687 retum
568 627 825 697 rinanimatarum,
845 607 981 731 utss’ffg·⁰
1040 646 1043 651 ·

35 699 140 777 lrgon,
159 716 191 764 ut
205 704 313 776 Aram,
332 719 364 764 ut
378 706 533 764 Coronam.
886 730 940 780 tto.

40 776 98 837 Sed
110 790 143 837 ut
162 780 225 839 haec
246 781 457 851 concedantur,
478 781 581 856 reliqua
601 778 652 856 qul
672 778 786 839 tandem
815 799 874 841 non
887 810 921 867 41

35 852 96 913 odd
111 856 246 927 concedi,
265 858 311 918 sed
326 859 445 916 omnino
459 858 573 932 intelligi
587 853 696 931 possunt
711 855 724 914 i
744 856 808 915 chm
818 859 877 917 fru-

35 946 70 999 t,
87 930 238 1001 Cererem,
257 935 374 1003 vinum,
392 932 528 991 Liberum
543 934 684 1002 dicimus,
706 950 807 1007 genere
822 952 875 994 noc

35 1005 119 1065 tidem
132 1008 265 1067 sermonis
285 1012 389 1069 utimur
409 1009 530 1069 usitato:
562 1008 608 1067 sed
629 1026 747 1085 ecquem
767 1023 823 1069 tam
845 1029 876 1070 a·

36 1092 132 1141 entem
146 1082 200 1142 effe
213 1098 308 1160 putas,
328 1087 376 1163 qui
388 1085 472 1153 illud,
491 1103 549 1160 quo
563 1084 703 1153 vescatur,
722 1085 807 1145 deum
815 1104 875 1147 cre-

35 1168 51 1217 ,1
65 1155 140 1217 effe?
159 1160 234 1220 Nam
249 1179 319 1239 quos
341 1161 377 1220 ab
398 1162 557 1229 hominibus
597 1159 728 1220 ervenilie
748 1162 814 1223 dicis
835 1164 870 1224 ad

35 1250 97 1304 tos,
116 1248 147 1295 tu
159 1236 274 1296 ⁸reddes
287 1239 444 1308 rationem,
463 1254 565 1314 quemn
587 1237 704 1296 modum
720 1236 795 1297 idem
810 1239 868 1300 fieri
881 1264 894 1299 s
907 1249 1008 1303 reddent

35 1311 142 1379 ttuerit,
160 1323 208 1372 out
221 1331 269 1371 cur
284 1312 343 1371 sieri
357 1312 480 1383 desierit,
500 1315 599 1387 &ego
622 1313 724 1373 discam
746 1317 869 1376 libenter.
879 1319 1007 1377 cori-Gru·

35 1387 152 1447 comodo
166 1406 240 1448 nunc
254 1388 368 1467 quidem
383 1388 437 1458 est,
456 1406 516 1448 non
530 1390 615 1446 video
631 1431 640 1458 ,
660 1406 717 1464 quo
740 1392 821 1467 patto
836 1393 870 1452 il·

40 1502 50 1531 ,
70 1464 116 1522 cui
131 1462 161 1523 io
172 1474 276 1523 trnorm
298 1474 376 1522 Oetao
398 1465 474 1523 illata
495 1466 626 1541 lampades
638 1467 764 1537 fuerint,
784 1482 814 1527 ut
831 1471 888 1529 aitt
904 1485 973 1520 manre

35 1538 163 1611 'Accion
182 1540 212 1601 in
226 1542 333 1601 domum
347 1556 467 1601 aternam
479 1546 564 1619 patris
579 1559 613 1600 ex
626 1541 673 1601 illo
697 1543 792 1603 ardore
807 1563 869 1621 per·
879 1534 941 1587 ‘¹2¹⁸‘
951 1540 1019 1592 Gfflt·

822 1639 872 1681 vc-

35 1776 76 1829 38.
90 1774 125 1821 vc
138 1784 238 1838 uptam,
253 1788 279 1824 ut
288 1776 381 1839 lupam]
401 1783 480 1839 Nrpam
491 1790 534 1840 pro
545 1776 617 1841 lupam
629 1774 699 1825 habet
715 1774 825 1841 antiquus
839 1778 871 1828 li·

35 1849 59 1890 t,
74 1836 101 1886 dt
115 1835 190 1886 reste:
205 1852 249 1888 nec
268 1841 333 1888 enirn
349 1841 407 1904 lupae
424 1839 573 1889 simultcrum
592 1841 653 1887 inter
673 1836 746 1888 sidera
768 1842 869 1897 relatum

35 1893 72 1947 sse
82 1897 143 1963 opud
154 1898 275 1961 scriptores
286 1903 403 1967 reperitur.
419 1904 493 1963 vrfin.
514 1908 547 1948 vt
559 1907 629 1962 lupam
639 1904 696 1960 sce]
710 1904 871 1954 Consolantur

38 1961 139 2012 Vistorii
149 1963 221 2012 varie
231 1964 357 2015 Lectiones
369 1966 440 2015 Libro
451 1979 534 2013 xxxrt.
555 1978 605 2027 cop.
620 1982 640 2021 3·
663 1964 780 2014 Robertos
792 1969 870 2017 Titius

35 2024 145 2075 tendebat
159 2038 185 2075 nt
201 2033 281 2092 Nepam
295 2026 336 2076 lib.
350 2043 386 2079 rx.
403 2025 615 2077 Controversorum
629 2042 681 2090 cap.
692 2046 715 2087 4.
736 2026 774 2076 sed
785 2031 806 2077 ei
818 2031 871 2078 Vil-

36 2101 117 2139 marut
127 2088 228 2141 minime
238 2089 362 2155 acquiescit
373 2126 381 2150 ,
397 2090 440 2140 nis
455 2089 612 2140 concedamus
625 2090 727 2154 intelligi
737 2094 866 2155 Scorpium.

35 2164 92 2203 uter.

35 2230 71 2271 to.
87 2215 194 2273 Allien]
212 2217 240 2262 ln
254 2214 385 2265 philoctere
399 2212 482 2272 forti,
498 2214 540 2264 nisr
553 2214 583 2263 de
602 2214 652 2279 ipso
669 2217 781 2274 Hercule,
797 2218 867 2284 ipsius

35 2277 105 2328 tit'erit
117 2276 206 2329 fabulo.
238 2281 380 2341 Quanquam
392 2276 453 2341 apud
463 2278 606 2343 Sophoclem
617 2280 643 2326 in
658 2278 786 2330 l’hilobiere
803 2284 867 2344 tipe-

36 2340 126 2399 estre.
150 2340 220 2390 riom
236 2342 361 2390 Philocteti
376 2354 493 2406 appareat.
524 2342 621 2406 Legitur
641 2340 703 2390 certe
721 2344 746 2390 in
760 2344 866 2403 sabulis,

35 2418 54 2453 rt
65 2404 96 2461 ‚in
110 2406 172 2452 Oeta
184 2416 268 2452 moute
287 2405 412 2454 hominem
427 2404 537 2454 incendio
548 2402 641 2453 eruisse.
674 2405 792 2455 Arnobios
806 2410 866 2458 item

35 2480 85 2517 ,ιι
102 2479 146 2532 pro
155 2464 294 2515 Christianis
305 2466 410 2517 adversus
423 2480 523 2531 gentes,
543 2467 657 2515 Plutarchi
669 2467 805 2520 testimonio
819 2473 867 2521 uri·

35 2544 44 2579 ¹.
62 2528 220 2584 cheroneus,
235 2530 326 2591 inquit,
342 2531 474 2579 Plutarchus
485 2530 616 2579 nostrarum
626 2529 672 2577 esse
682 2534 782 2585 partium
795 2549 864 2583 com·

35 2590 129 2647 henr,
150 2591 232 2655 quiin
251 2598 337 2643 oeteis
353 2594 493 2649 verticibus,
514 2596 639 2642 Herculem
656 2592 707 2654 post
725 2595 865 2647 morborum

35 2656 158 2705 mitialiutn
169 2654 248 2702 ruinrt
259 2652 396 2705 dissolutum
413 2657 437 2703 in
453 2660 556 2704 cinerem
571 2654 682 2717 prodidit.
715 2664 745 2706 Et
761 2660 794 2706 ita
809 2658 865 2710 sone

38 2714 109 2783 ipsios
118 2720 145 2765 ln
159 2720 221 2765 Oete
233 2718 328 2766 interitu
340 2718 430 2767 constat
448 2721 520 2767 etiam
535 2734 564 2766 err
577 2717 704 2773 Diodoro,
722 2724 745 2769 or
762 2721 867 2773 Fabulis.

35 2779 111 2829 lenm
123 2778 203 2828 lolaus
213 2777 264 2830 osia
274 2783 387 2845 colligere
399 2781 485 2838 vellet,
503 2783 614 2844 nullaque
624 2783 796 2838 invenirentur,
813 2799 865 2833 cre-

35 2854 142 2907 coeptum
152 2842 203 2899 est,
216 2857 271 2891 eum
287 2842 413 2893 secundum
427 2845 550 2893 oraculum
571 2845 600 2892 ad
616 2843 672 2891 deos
689 2846 863 2908 commigratio.

37 2918 85 2969 que
95 2902 194 2953 obtinuit
206 2906 321 2969 perlitafio
330 2909 385 2963 illa,
400 2921 425 2954 nt
438 2923 468 2955 ne
484 2906 595 2956 historico
608 2905 704 2968 quidem
721 2910 865 2958 1111111111-

35 2982 60 3021 t,
83 2980 126 3014 nec
142 2966 253 3030 sepulchri
264 2973 434 3020 monumentis.
467 2970 555 3025 Ade'o,
572 2972 684 3032 inquam,
700 2972 799 3019 invaluit
822 2974 866 3022 illc

35 3028 133 3081 thrasio,
147 3044 172 3078 ut
199 3033 271 3080 ibtura
284 3032 346 3082 illins
358 3030 521 3085 clericulornel
534 3034 610 3081 Plinio
620 3034 756 3082 celebretur.
789 3036 867 3084 Athe-

35 3112 37 3119 ’
48 3094 166 3157 Areopagi
176 3046 283 3142 severitas
294 3095 465 3143 contradicenti
481 3109 530 3142 erat
542 3096 732 3159 expavescenda:
750 3096 787 3145 sed
803 3102 866 3146 Pon·

35 3172 58 3205 rx
69 3160 194 3205 Romanus
205 3157 273 3205 audet
285 3158 381 3222 publico
392 3160 499 3219 relipioni
510 3160 686 3217 contradicere,
702 3174 802 3223 eamque
814 3162 868 3223 (ol-

35 3218 90 3269 nde
100 3216 222 3282 sepulchro
233 3218 363 3280 silentium)
383 3222 443 3269 noll
454 3223 531 3285 po'e'tae
541 3222 680 3271 austoritate
697 3238 811 3288 rumpere.
830 3231 868 3273 lta

35 3282 133 3345 speeiem
146 3281 168 3331 se
180 3298 216 3331 res
227 3283 305 3333 hebet.
338 3284 381 3332 Sed
393 3282 409 3330 li
426 3300 476 3332 rem
491 3285 567 3331 verius
582 3284 765 3341 aestimabimur,
781 3288 868 3335 Cicero

35 3344 119 3395 rtilicin
133 3342 173 3392 sub
230 3344 286 3394 sona
302 3348 326 3396 id
342 3348 473 3410 exprimit,
494 3346 559 3408 quod
574 3344 614 3395 sub
631 3345 670 3394 sua
681 3348 785 3411 proferre
802 3353 869 3396 aulus

35 3422 120 3471 aquom
132 3406 166 3455 sui
185 3422 218 3457 et.
244 3412 303 3457 Non
316 3425 384 3459 vocar
394 3410 433 3458 hic
444 3423 634 3459 commemorare
644 3413 771 3472 quicquam
784 3410 813 3459 de
825 3410 868 3474 lu·

35 3472 68 3523 rit
83 3472 110 3522 in
120 3471 239 3529 eum-iro,
254 3470 332 3539 deque
345 3473 549 3585 teconciiattiotml
555 3476 585 3583 ¹&
598 3473 729 3537 apotheosi.
746 3474 873 3581 (1111111113
