2296 3908
245 88 734 165 pinnatarum.
856 117 941 194 3¹19

55 218 93 271 e'tt
110 211 260 271 inventore
276 210 394 287 reperit,
414 226 474 269 rem
488 207 573 284 ipsam
588 209 721 268 inventor
734 211 937 281 ²³exsomuio,

54 287 162 358 video,
183 288 261 365 quod
276 287 336 346 satis
351 288 387 345 esl
406 307 413 345 ι
434 305 483 345 cur
506 285 609 365 possit,
630 285 732 345 nescio.
772 289 815 347 Sic
836 298 938 346 vento·

53 381 135 424 rum·
148 366 178 423 dc
202 365 332 424 imbrium
348 363 422 438 signa
438 406 447 433 ,
467 380 532 438 quae
548 361 622 430 dini,
643 363 780 425 rationem
790 381 872 441 quam
888 364 938 421 ha-

53 441 158 511 beant,
179 461 238 501 non
253 441 311 500 satis
326 441 481 515 perspicio:
514 439 582 496 uim.
599 441 630 499 &
646 454 780 502 eventum
795 438 935 515 agnosco,

52 517 129 587 scio,
149 520 284 594 approbo.
323 518 475 587 Similiter,
495 515 599 591 ²4quid
614 513 703 577 fillum
719 517 748 576 in
762 520 847 588 extis,
865 516 933 592 quid

53 593 122 653 fibra
140 596 255 664 valeat,
275 595 405 670 accipio:
427 609 491 668 quae
514 590 592 651 causa
614 592 646 651 sit
665 636 673 663 ‚
694 592 796 655 nescio.
837 595 933 668 Atque

52 671 156 730 horum
172 672 286 749 quidem
302 672 382 788 plena
398 672 454 728 uita
469 668 523 727 est:
544 671 649 728 ²5extis
662 673 738 741 enim
760 688 859 731 omnes
874 671 934 728 fere

45 746 178 807 utuntur.
216 748 311 824 Quid.
336 747 372 805 de
387 747 526 821 fulgurum
541 746 588 815 vi,
609 745 732 807 dubitare
748 767 817 809 num
838 744 933 822 possu-

54 824 139 884 mus?
159 843 257 884 nonne
279 823 344 882 ciam
368 824 453 881 multa
475 821 525 880 alia
549 822 680 882 mirabilia
706 837 795 893 ‚tum
818 823 883 882 illud
903 825 932 882 in

53 903 153 977 primis
166 901 179 960 ἓ
199 902 229 943 ²⁶
239 900 305 960 cum
320 901 488 959 Summanus
503 899 531 956 in
547 898 652 975 fastigio
668 901 743 973 lovis
758 902 858 977 optimi
874 917 933 958 ma·

52 979 144 1047 trimi,
164 980 211 1055 qui
232 993 294 1037 tum
318 990 374 1035 erat
396 976 483 1034 fidilis
501 1017 510 1043 ,
538 973 573 1032 ιὲ
589 977 660 1034 caelo
677 978 746 1036 idus
761 976 851 1044 esset,
878 981 957 1034 neca
972 965 1003 1017 ἃ*
1017 972 1085 1026 ⁰²1⁰

53 1052 170 1129 usquam
184 1055 243 1131 ejus
257 1054 393 1113 fimulacri
407 1064 489 1127 caput
517 1052 687 1111 inveniretur
702 1097 712 1124 ,
729 1055 882 1130 haruspices
901 1054 931 1111 in
941 1033 1018 1084 Lami.

52 1128 183 1191 Tiberim
198 1132 227 1191 id
242 1129 384 1206 depulsum
400 1126 453 1188 elle
468 1129 613 1197 dixerunt,
633 1128 717 1205 idque
732 1134 878 1192 inventum
892 1128 930 1188 est

53 1224 91 1266 eo
106 1208 173 1266 loco
188 1251 197 1276 ‚
217 1210 266 1282 qui
281 1209 318 1264 est
333 1207 367 1264 ab
379 1204 561 1281 haruspicibus
576 1206 784 1268 demonstratus.

93 1284 145 1341 xl.
165 1284 236 1342 Sao
257 1303 333 1353 ouo
354 1282 445 1358 potiits
467 1294 526 1338 utar
547 1294 594 1338 aut
617 1284 730 1343 audiore
748 1330 756 1353 ‚
775 1297 821 1344 aut
836 1284 902 1343 teste
918 1327 928 1353 ,
942 1271 975 1332 ¹¹!

50 1358 143 1438 quim
158 1360 208 1420 te?
229 1366 306 1438 cujus
320 1359 421 1419 edidici
444 1358 529 1417 etiam
550 1356 640 1417 versus
657 1403 667 1432 ,
687 1364 717 1419 ὃ(
730 1361 929 1496 libenterdqui·

863 1455 929 1508 em,

86 1628 127 1670 23·
144 1609 281 1674 Eafimnio,
293 1613 357 1661 video
368 1614 426 1673 aaa]
440 1618 477 1664 lta
488 1614 586 1680 quidem
598 1614 672 1666 Aldus
684 1612 768 1666 senior.
792 1610 835 1662 sed
846 1611 932 1661 vido·

49 1676 101 1726 tius
114 1674 319 1733 interserta=toce3
335 1695 361 1723 ex
376 1681 475 1734 samnio.-
490 1685 543 1742 posse
559 1683 622 1728 video
637 1686 682 1734 dre.
701 1694 753 1740 quat
770 1679 826 1725 item
839 1687 931 1737 reperta

50 1737 114 1788 milti
126 1739 151 1787 iia
163 1738 220 1789 Pali.
232 1739 364 1788 Gulielmio
375 1741 399 1788 in
412 1741 544 1794 Pithoeano.
564 1747 652 1795 Gruter.
686 1745 764 1791 Etiam
774 1756 803 1789 ex
815 1736 932 1788 Voffiano

52 1800 158 1850 advertit
169 1805 247 1857 Patet,
265 1805 289 1851 δι
301 1804 348 1867 ipse
362 1801 388 1852 ls.
401 1804 500 1854 vossius.
519 1812 614 1855 Gronov.
650 1810 727 1861 Video,
743 1807 800 1866 quod
812 1805 868 1864 fiatis
883 1802 934 1861 esa]
1010 1860 1014 1871 Ι

52 1868 157 1931 Apertam
167 1862 200 1913 etl
210 1862 303 1922 sensus,
319 1865 335 1913 st
348 1865 423 1915 modo
434 1868 537 1918 Codices
548 1871 690 1918 addicerent.
709 1868 752 1917 Sed
764 1881 838 1929 quum
849 1865 935 1914 uiato-

52 1926 130 1983 tiatti,
143 1926 277 1979 emerant
287 1929 407 1992 nostrique
422 1933 509 1981 MSSti)
520 1933 613 1982 summo
623 1930 736 1980 consensu
746 1930 817 1985 dent,
830 1929 883 1992 poffe
892 1933 933 1975 vi-

51 1991 91 2037 deo
105 1992 162 2051 qaod
172 1991 287 2053 satiust,
303 1992 392 2056 aliquid
408 1991 494 2042 subesse
507 2010 566 2045 reor.
601 1998 688 2044 Forsan
706 1997 739 2042 ita
753 1991 843 2043 rescribi
859 1990 931 2055 polllt

52 2053 141 2101 locus:
167 2055 219 2112 Qua*
233 2057 370 2102 Summum
384 2059 450 2102 radix
470 2059 498 2104 ad
512 2062 666 2121 purgandum,
692 2056 932 2119 quiarislolochiaad
1031 2086 1034 2093 ·

50 2116 135 2176 morfia
150 2116 270 2227 sexenium
282 2119 359 2179 poffir?
376 2141 407 2151 -
422 2118 480 2179 Poffe
495 2125 574 2178 video,
590 2128 645 2185 quod
655 2123 711 2182 fiatis
727 2120 755 2180 est
770 2137 779 2176 3
800 2135 838 2166 cur
850 2116 931 2180 poffit,

51 2180 129 2239 nescit.
146 2181 176 2228 Vi
192 2194 247 2229 eant
260 2178 396 2243 sagaciores.
430 2184 510 2241 Daotss
1000 2234 1003 2239 ,

85 2256 124 2302 24.
140 2238 207 2306 Quid
218 2243 291 2302 fiffum
308 2249 329 2290 in
339 2249 409 2299 extis,
424 2247 479 2307 quid
492 2245 548 2305 fibra
564 2248 664 2306 nalem]
677 2252 716 2297 De
732 2242 786 2294 fillo
801 2245 885 2305 jecoris
900 2242 932 2295 fi·

54 2301 159 2368 bneque,
174 2307 228 2355 tide
241 2310 310 2354 Bam.
325 2303 465 2355 nriffonlum
477 2311 555 2359 Form.
567 2309 608 2360 lib.
616 2325 635 2360 1.
654 2325 724 2374 pagg.
732 2322 815 2364 20‚2t.
832 2309 915 2368 Davus

88 2384 128 2427 25.
144 2373 208 2416 Emis
219 2373 275 2415 enim
287 2387 356 2415 amnes
365 2369 414 2428 sere
425 2380 535 2429 arantum]
551 2373 637 2422 Nescio
647 2370 774 2435 quomodo
792 2372 869 2433 magis
879 2373 934 2434 pias·

53 2436 109 2489 c'et,
124 2444 149 2481 tat
159 2432 192 2480 esi
204 2436 228 2481 in
239 2433 412 2496 manuscripto,
426 2440 520 2484 utimur.
536 2435 613 2487 Urfio.
635 2436 742 2487 Datifiue
753 2433 830 2484 Ursini
841 2436 866 2485 δι
876 2437 933 2490 MS.

56 2493 108 2544 eal.
121 2492 195 2543 sidem
206 2494 294 2544 secutus
306 2495 370 2545 dedit
381 2502 472 2551 utimur.

85 2565 125 2607 26.
140 2560 217 2618 Quum
229 2562 357 2605 Summanus
368 2565 390 2607 in
398 2561 486 2626 fastigio
497 2563 563 2623 Jovis
573 2567 655 2626 optumi
664 2560 931 2621 maxumi.]1nMsstla.

52 2616 104 2669 sere
114 2621 204 2670 canolis
214 2623 301 2683 stamma
317 2642 392 2670 manus
404 2640 447 2688 pro
465 2630 583 2674 Summano
600 2640 721 2690 perperam
736 2627 828 2689 legitur.
861 2631 931 2675 Hanc

53 2692 135 2732 tutem
146 2683 268 2733 historiam
280 2688 389 2734 nonnihil
403 2689 555 2738 immutatam
568 2723 575 2743 ,
591 2693 615 2738 dt
629 2691 659 2737 ad
669 2691 773 2737 alienum
786 2700 879 2752 tempus
896 2704 933 2737 re-

52 2745 131 2796 latam
145 2761 222 2795 narrat
236 2762 301 2796 vetus
312 2752 452 2799 scholiastes
468 2752 497 2800 ad
513 2754 637 2801 Ciceronis
652 2753 726 2800 Catil.
738 2757 780 2799 lll.
803 2766 853 2814 cap.
866 2766 931 2801 trra.

51 2822 110 2874 pag.
119 2818 174 2864 70⁶-
191 2811 269 2868 Jovis,
286 2814 376 2876 inquit,
388 2815 463 2874 statua
473 2818 504 2874 fic
514 2819 598 2863 turbine
612 2815 697 2877 depulsa
708 2813 752 2873 est,
768 2828 791 2858 ut
807 2827 867 2873 caput
880 2825 935 2874 per·

49 2876 130 2926 deret,
147 2873 173 2922 &¹
186 2889 312 2934 mergeretur
330 2883 353 2923 in
370 2880 439 2924 medio
456 2881 536 2927 Tiberi.
569 2882 628 2927 Tunc
638 2879 742 2940 haruspex
756 2878 866 2938 quidam,
881 2892 932 2924 cum

45 2936 172 2995 sacerdotes
188 2936 321 2998 sequerentur
336 2939 428 3003 vestigia
441 2939 545 2997 fulminis
560 2943 586 2993 do·
603 2955 664 3004 caput
682 2942 785 3000 duellum
799 2953 934 3001 quaterent,

48 2999 241 3057 uninomina,
259 3001 319 3060 hasta
333 3006 419 3066 pulsum
428 3005 495 3050 locum
507 3003 599 3067 (fotian
610 3003 669 3062 hasta
682 3005 742 3064 pulso
757 3003 819 3054 loco,
834 3003 872 3050 vel
883 3006 934 3064 pel-

48 3063 98 3108 lens
109 3060 190 3121 locum)
205 3065 324 3116 invenit&
338 3068 413 3112 dixit:
430 3070 482 3113 Ecce
498 3080 579 3126 caput3
594 3072 620 3119 dp
632 3069 718 3113 levavit
738 3070 764 3113 de
775 3065 841 3123 hasta.
870 3068 932 3127 Qui!

49 3136 111 3171 veto
124 3121 195 3171 fuerit
207 3128 364 3185 Summanus,
384 3128 473 3177 ovidio
482 3132 502 3193 ‘F
505 3128 546 3178 ast.
559 3144 660 3185 vt,731.
684 3130 799 3178 nonsatis
812 3127 930 3182 constitit.

48 3185 157 3234 Condat
168 3200 276 3245 tantum,
293 3191 355 3239 hunc
369 3193 502 3246 nodutna,
524 3191 579 3254 Joti
595 3208 651 3240 vero
666 3192 749 3240 diurna
763 3192 867 3240 fulmina
882 3194 929 3242 tri·

46 3249 101 3299 boi.
120 3250 179 3298 vide
194 3252 294 3300 Plinium
305 3260 334 3302 Η.
348 3259 371 3302 N
393 3260 424 3310 ll,
437 3271 473 3309 52·
489 3257 514 3302 dt
525 3255 681 3318 augustinum
688 3258 718 3304 C.
732 3260 761 3304 Ι).
777 3254 817 3305 lib.
827 3270 860 3304 iv.
874 3271 929 3320 cap.

45 3330 91 3369 aa.
110 3318 204 3361 Attum
216 3316 282 3371 aliis,
297 3330 349 3365 tum
360 3317 469 3367 Arnobio
485 3316 526 3366 lib.
540 3331 562 3366 t.
583 3332 637 3381 pag.
650 3333 703 3373 230.
726 3317 790 3367 idem
803 3333 857 3366 cum
874 3320 931 3368 l’lu-

47 3389 112 3426 tone
127 3391 216 3426 numeu
233 3377 344 3432 censetur.
378 3380 427 3434 Adi
442 3380 577 3442 Gyraldum
591 3381 650 3434 trist.
666 3387 741 3447 Deor,
754 3388 875 3448 syntagm.
886 3397 927 3433 tr.

46 3455 106 3508 pag.
117 3449 172 3505 189,
201 3444 287 3512 liquis.

426 3511 483 3579 pao
498 3526 544 3577 m
559 3526 606 3580 aa!
846 3522 886 3573 2⁷,
904 3511 931 3558 17³
