2296 3908
211 108 311 227 3'17'6¹
378 127 453 199 Do
494 108 935 207 Druruarroura
1023 144 1025 153 ·

110 296 112 307 ‚
214 236 267 301 asia
286 242 318 301 in
335 238 534 309 somniantium
554 237 639 308 vifis,
666 238 717 298 alia
737 239 766 298 in
788 236 945 315 furentium.
960 238 1085 309 vocibus.

72 445 184 526 llnsdtis

214 313 258 375 Ea
271 315 458 451 {mustene
479 328 607 393 percepta
625 314 708 386 sunt,
735 316 754 373 ii
774 314 924 391 non'skpe
944 306 1082 379 falluntur.

214 390 275 451 Mal
305 392 456 470 conjecta,
482 393 610 482 maleque
629 390 901 480 interpretum-‘salsa
923 390 1003 465 sunt,
1022 412 1080 455 non

214 483 307 529 rerum
322 470 392 531 vitio
407 514 416 542 ,
435 468 481 541 sed
495 480 673 546 rnterpretum
698 462 861 529 ¹‘rnsc1ent1d
901 469 973 528 Hoc
985 483 1077 530 autem

65 512 118 565 '¹³⁸'
213 544 303 618 pofito
329 559 411 626 atque
435 544 590 615 concesso,
617 542 670 604 esse
691 543 829 623 quandam
848 546 907 604 vim
928 538 1075 618 divinam,

85 701 112 753 1².
120 702 173 753 GV.

60 849 89 889 m
103 851 158 890 cum

56 896 190 1010 ’ξξβωὼο-

82 976 131 1013 ram

60 1027 129 1076 unat

143 1166 200 1230 419

211 621 361 683 hominum
376 625 461 683 vitam
478 624 691 684 continentem:
724 638 783 680 non
805 620 912 681 difficile
928 622 967 680 esi
984 666 993 692 ,
1012 641 1075 698 quaa

212 694 273 760 fieri
287 698 361 759 certd
376 699 558 768 videmut‚ea
573 716 627 777 qua
642 699 747 771 ratione
762 694 984 773 fiant,suspicari.
1000 701 1074 759 Nam

213 773 243 833 δὲ
264 775 298 835 ad
318 774 434 837 hostiam
457 774 630 852 deligendam
644 772 731 850 potest
746 772 802 833 dux
824 771 877 832 elle
890 774 932 832 vis
945 777 1075 853 quaedam

209 848 341 925 sentiens,
361 870 425 930 quae
439 852 477 912 ess
488 865 550 911 toto
564 848 676 911 confusa
691 851 813 910 mundo:
823 851 852 908 &
866 863 944 927 rum,
961 853 1072 929 ulpiam

212 924 277 987 cu'm
290 928 436 989 immolare
449 928 516 988 velis
530 970 539 1000 ,
559 939 687 989 extorum
708 924 767 986 lieri
782 926 898 985 mutatio
912 926 1003 1002 potest
1018 969 1026 997 ,
1045 942 1073 987 ut

129 1061 137 1078 ,
212 1006 260 1063 'aut
274 1004 339 1065 abfit
361 1005 486 1083 aliquid,
505 1016 552 1064 aut
571 1003 689 1081 supersit.
725 1002 812 1079 parvis
826 998 900 1060 enirn
924 1005 1074 1064 momentis

211 1079 296 1141 multa
311 1092 406 1141 natura
420 1092 467 1141 aut
479 1080 600 1157 affingit,
619 1093 666 1139 aut
680 1092 784 1147 mutat,
804 1089 851 1136 aut
864 1078 991 1138 detrahit.

246 1158 335 1231 Quod
350 1174 386 1216 ne
401 1157 521 1217 dubitare
535 1157 682 1232 posumus,
703 1156 827 1214 marinio
842 1153 879 1212 est
891 1167 1072 1231 argumento,

207 1230 285 1307 quod
300 1233 397 1368 gaulo
418 1247 481 1293 ante
501 1232 641 1292 interitum
658 1231 768 1290 Caesaris
786 1232 922 1307 contigit:
943 1233 996 1365 poi
1010 1231 1069 1292 ciam

207 1308 299 1370 immo
326 1321 368 1368 ret
381 1307 429 1368 illo
444 1308 506 1378 die,
525 1326 582 1386 quo
597 1307 716 1384 primurn
732 1308 760 1366 in
774 1306 836 1365 sella
849 1324 930 1367 aurea
954 1309 1030 1378 edit,
1043 1310 1070 1368 &

208 1400 274 1443 cunr
289 1402 423 1462 purpurea
436 1384 508 1443 veste
523 1384 664 1461 processit,
674 1385 711 1460 ‘ln
726 1383 793 1442 extis
813 1382 892 1442 bovis
914 1384 1006 1459 opimi
1025 1402 1071 1445 cor

207 1476 268 1520 norr
282 1461 343 1521 fult.
380 1461 457 1520 Num
472 1462 553 1535 igitur
568 1460 659 1519 censes
672 1461 757 1518 ullum
779 1459 880 1517 animal
895 1501 903 1523 .
924 1461 1004 1537 quod
1015 1460 1070 1519 san·

207 1538 321 1611 guinem
350 1536 447 1596 habeat
467 1535 537 1595 'srne
558 1535 641 1596 corde
664 1535 718 1595 elle
737 1533 840 1610 polle?
860 1533 951 1613 8tqua
972 1534 1017 1596 ille
1034 1537 1070 1597 rei

57 1614 333 1683 afflmnovitate
360 1624 376 1656 ¹¹
402 1611 537 1683 ertulfus,
553 1611 620 1671 ‘ciam
633 1611 765 1687 Spurinna
779 1610 897 1682 diceret,
916 1613 1070 1673 timendum

12 1680 116 1745 ’Νι

208 1686 279 1759 effe,
318 1707 354 1749 ne
376 1631 405 1748 g}
426 1687 600 1758 consilium,
639 1690 668 1748 δι
698 1689 751 1746 vita
780 1684 931 1747 deficeret:
980 1707 1069 1761 earum

209 1764 285 1836 euim
299 1783 389 1824 rerum
414 1775 562 1841 utrumque
582 1761 598 1822 a
620 1763 703 1823 corde
723 1760 878 1840 proficisci:
899 1765 1010 1840 pollero
1030 1765 1069 1825 die

170 1858 173 1864 ·
210 1853 291 1916 caput
305 1843 334 1899 in
346 1838 442 1917 jecore
462 1858 521 1900 non
542 1839 602 1898 fuit.
642 1857 707 1917 quae
728 1840 841 1916 quidem
864 1840 902 1898 illi
923 1841 1068 1917 portende·

126 2296 199 2364 ¹{rao

207 1914 305 1976 bantur
320 1915 336 1975 a
350 1917 404 1976 diis.
418 1915 633 1984 immortalibus,
653 1929 683 1975 ut
705 1916 811 1975 videret
831 1917 993 1989 interitum,
1013 1938 1065 1979 nou

207 2005 240 2051 ut
254 2004 371 2052 caveret.
413 1993 486 2050 Cum
508 1993 589 2068 igitur
609 2010 651 2050 eae
672 2009 759 2067 partes
778 1993 806 2050 in
830 1994 899 2050 extis
919 2012 979 2053 non
995 2012 1068 2071 repe·

206 2068 330 2138 riantur,
348 2068 404 2128 srne
418 2068 514 2144 quibus
529 2066 639 2126 victima
650 2070 692 2127 illa
707 2070 800 2126 vivere
814 2066 949 2143 nequisset
966 2113 974 2137 ‚
994 2071 1070 2129 intel·

205 2140 347 2220 sigendum
362 2144 416 2212 est,
435 2146 464 2202 in
478 2144 535 2218 ipso
550 2145 747 2203 immolationis
760 2159 887 2220 tempore
909 2163 954 2204 eas
974 2161 1067 2222 partes,

206 2226 271 2297 quae
287 2219 387 2286 absint,
407 2218 532 2278 interisse.

243 2292 321 2353 LIll.
341 2295 419 2352 Ean
430 2314 445 2352 ε
456 2313 556 2365 noun
577 2290 658 2353 efficit
671 2297 698 2354 in
714 2295 807 2354 avibus
821 2295 914 2354 divina
932 2316 1026 2367 mens,
1039 2311 1068 2358 ut

204 2382 266 2433 tum
278 2370 350 2438 huc,
369 2383 431 2428 turn
443 2370 506 2429 illuc
521 2372 614 2429 volent
628 2372 723 2430 alites:
745 2386 803 2429 turn
825 2372 853 2429 in
871 2373 941 2443 hac,
961 2388 1022 2432 tum
1041 2378 1066 2435 iu

204 2446 249 2507 illa
265 2458 339 2521 parte
354 2444 380 2503 se
396 2446 558 2506 occultent:
587 2459 646 2505 tum
669 2448 685 2506 d
706 2447 822 2516 dextra,
856 2461 916 2506 tum
939 2450 956 2508 i
974 2448 1067 2511 sinislra

242 2536 282 2580 rte
297 2535 395 2579 canant
409 2521 521 2582 oscines.
560 2523 635 2581 Nam
653 2522 671 2581 fi
687 2525 788 2582 animal
802 2541 888 2581 omne
905 2567 915 2593 ,
935 2539 966 2584 ut
988 2529 1068 2597 vult,

204 2539 245 2659 ft:
260 2597 343 2657 utitur
356 2609 437 2660 motu
450 2596 490 2657 soi
502 2600 643 2676 corporis,
663 2616 753 2674 prono
768 2619 778 2671 ,·
798 2599 912 2676 obliquo
928 2643 938 2672 ,
956 2602 1067 2677 supino,

213 2686 221 2705 '
982 2694 1068 2739 menr-

234 2903 247 2944 Ι
252 2909 272 2952 5.
288 2895 344 2961 Qu
355 2896 395 2942 issa
404 2896 437 2943 rei
450 2897 544 2945 mirare
556 2893 662 2959 percussus
678 2918 769 2936 --
781 2896 857 2959 passere
874 2897 911 2944 die
925 2898 1023 2961 caparra
1032 2900 1066 2959 je·

205 2975 250 3006 me
264 2975 306 3004 non
319 2957 386 3015 fain]
401 2962 462 3023 Reg.
473 2961 497 3009 δι
511 2961 612 3008 eanrab.
624 2957 750 3016 exhibent,
766 2975 810 3021 qua
821 2962 857 3007 isle
866 2963 901 3007 rei
911 2964 1011 3019 nouitate
1021 2972 1063 3023 per·
1106 3006 1108 3011 ,

203 3019 310 3079 ulsattest
322 3042 352 3053 ··-
363 3019 439 3080 postero
454 3038 504 3068 vero
520 3023 553 3067 dte
568 3034 627 3083 caput
643 3026 665 3068 in
685 3024 745 3068 'acore
760 3039 800 3069 nan
814 3022 870 3082 fuit.
906 3024 951 3072 Sed
968 3022 1014 3073 ill!
1025 3036 1064 3071 to-

204 3082 262 3132 cula:
270 3096 314 3143 pro
323 3080 481 3131 Librariorum
492 3083 657 3132 additamentis
671 3037 722 3133 sliam
732 3082 859 3144 habenda,
880 3099 926 3133 nec
936 3086 963 3145 in
973 3084 1065 3150 oprimis

203 3144 302 3194 Mastia.
315 3140 422 3194 visuntur.
455 3145 592 3209 Legendum
607 3145 711 3204 viderur,
726 3163 769 3211 qua
786 3151 824 3195 illo
836 3166 867 3196 m
880 3151 980 3197 novitate
991 3148 1066 3213 percel-

199 3206 225 3267 s⁰
241 3225 268 3239 ··
280 3204 356 3267 postero
370 3208 406 3253 die
420 3220 480 3269 caput
496 3212 520 3256 in
530 3211 598 3268 jam
608 3227 648 3255 non
660 3208 727 3267 fm't3
743 3207 787 3258 nifi
797 3210 860 3259 futte
875 3210 1025 3262 locutionum
1038 3207 1065 3259 fis

202 3264 312 3322 missum,
328 3268 405 3327 qualis
416 3269 441 3316 in
455 3283 559 3320 veterum
571 3272 731 3322 monumentis
742 3287 792 3320 non
803 3272 836 3322 est
846 3272 995 3336 infrequens.
1011 3272 1066 3323 Vide

201 3327 361 3379 dofflffimum
371 3330 447 3381 virum
458 3332 530 3396 Joan.
540 3333 660 3384 clericum
676 3339 727 3383 Art.
738 3334 798 3386 crit.
812 3341 872 3387 Part.
887 3350 919 3388 11.
954 3342 969 3388 8
985 3355 1005 3388 r.
1020 3348 1065 3399 cap·

200 3405 286 3523 aa&
297 3390 363 3457 seqq.
392 3393 418 3444 δι
435 3401 575 3462 interpretes
590 3394 621 3448 ad
641 3396 726 3448 AEslani
747 3401 776 3449 V.
793 3403 825 3452 li.
853 3394 895 3451 lib.
909 3414 945 3452 ιι.
969 3415 1021 3467 οη,
1035 3412 1064 3447 rr.

968 3532 1006 3577 ¹6.
1021 3524 1065 3574 Mt·
