2296 3908
198 142 408 210 naono
464 144 762 219 Teneone
852 153 935 237 3089

48 256 131 323 laert.
168 262 266 336 Quare
279 269 375 317 autem
390 259 421 318 in
434 260 475 320 his
491 262 531 319 vis
545 259 663 321 deorum
678 265 755 333 insit,
770 276 831 324 turn
845 267 925 325 intel-

61 342 67 353 '
101 354 157 405 m,
178 336 244 396 olm
259 350 434 411 cognovero.
471 340 540 413 Quo
556 339 586 397 in
606 356 709 415 genere
731 340 777 399 vel
801 342 925 401 maxime

100 416 224 473 Fortuna
238 411 410 471 numeranda
427 432 435 471 ι
457 431 560 491 ·quam
575 432 663 475 nemo
686 416 720 476 ab
741 418 924 479 inconstantia

47 492 80 553 δε
92 492 250 551 temeritate
263 489 404 576 sejunget:
424 506 490 567 quae
506 491 587 566 digna
602 492 678 551 certb
692 512 752 553 non
766 494 828 552 sunt
841 495 906 553 deo.

86 567 151 641 Jam
165 584 234 626 vero
249 565 317 643 quid
331 582 382 622 vos
396 566 440 625 ilia
456 566 574 627 deledlat
589 570 736 645 explicatio
752 570 904 630 fabularum
916 614 924 640 ,
934 570 969 630 62

47 646 80 709 dt
93 643 229 704 enodatio
243 644 393 702 nominum
408 640 421 700 ἓ
449 643 588 703 eusebium
603 644 619 704 d
633 645 692 705 filio
707 647 818 705 Caelum
834 689 843 716 ,
863 649 926 707 vin-

48 720 129 781 ἂνω
142 719 240 779 iridem
256 718 345 778 afilro
366 718 523 781 Saturnum.
561 722 662 792 Haec,
690 725 720 781 δε
742 724 792 783 alia
816 728 923 800 generis
935 731 960 779 r.
979 730 1075 782 inrr.

48 797 176 875 ejusdem
190 798 228 856 ita
243 794 414 865 defenditis,
441 809 473 856 ut
493 799 531 867 ii,
551 800 601 873 qui
621 798 667 858 ista
688 796 845 870 finxerunt,
865 821 925 862 non

49 872 220 933 modbnon
230 872 335 942 insani,
354 871 501 931 sedetiam
524 870 603 934 fuisse
624 876 757 950 sapientes
772 877 925 938 videantur.

51 950 88 1009 In
101 948 255 1017 enodandis
277 962 372 1009 autem
392 950 576 1020 nominibus,
602 954 717 1029 ⁹aquod
739 953 925 1015 miserandum

51 1024 111 1097 srt,
145 1024 280 1087 laboratio.
326 1026 480 1095 Saturnus,
519 1029 585 1105 quia
622 1028 649 1087 se
682 1028 782 1089 saturat
820 1031 923 1091 annis:

50 1102 170 1191 Mavors
186 1094 196 1172 ξ
214 1122 217 1127 ·
233 1101 306 1188 quia·
319 1118 420 1178 magna
446 1104 552 1162 verrit:
593 1104 748 1172 Minerva.
786 1108 851 1183 quia
873 1110 927 1167 mi-

50 1190 142 1250 nuit,
181 1190 229 1238 aut
259 1195 325 1256 quta
358 1179 502 1239 minatur:
541 1180 657 1250 Venus,
694 1184 760 1259 quia
781 1184 858 1242 venit
888 1185 924 1243 ad

52 1256 173 1316 omnia:
194 1256 294 1326 Ceret,
313 1255 330 1315 d
351 1256 484 1331 gerendo.
522 1256 619 1347 Qudm
640 1259 790 1335 periculosa
808 1260 924 1320 consue-

53 1331 148 1393 tudo?
174 1332 205 1392 in
235 1334 326 1392 multis
359 1333 435 1390 enim
470 1333 631 1393 nominibus
664 1335 809 1394 haerebitis.
847 1336 926 1412 Quid

53 1408 257 1487 Vejovifocies
272 1409 285 1466 ?
303 1408 371 1487 quid
393 1407 550 1467 Vulcano?
570 1428 741 1489 quamquam
758 1455 766 1480 ,
786 1416 922 1487 quoniam

53 1486 221 1563 Neptunum
236 1485 253 1544 i
266 1484 382 1544 bnando
397 1486 562 1559 appellatum
579 1500 672 1560 putas,
692 1487 798 1546 nullum
813 1489 863 1546 erit
870 1492 948 1546 rio-b
965 1492 1075 1545 numano

56 1578 146 1632 men,
164 1561 240 1638 quod
258 1580 318 1621 non
331 1561 411 1637 pollis
425 1560 479 1619 uni
500 1562 587 1624 littori
607 1564 765 1637 explicare,
786 1563 860 1623 unde
874 1564 925 1623 du·
936 1559 984 1607 ⁶¹⁵³·

55 1638 136 1697 &um
150 1636 191 1698 fit.
230 1637 264 1698 ln
278 1657 336 1715 quo
351 1637 463 1714 quidem
481 1636 566 1713 rna'gis
581 1652 611 1697 tu
625 1641 693 1698 mihi
707 1654 799 1699 natare
808 1640 876 1699 visus
886 1658 925 1706 es,

56 1712 145 1803 quarn
157 1715 212 1851 ipse
227 1715 383 1851 Nefinmus.
421 1715 556 1789 Magnam
572 1716 725 1775 molestiam
746 1715 875 1792 suscepit,
896 1718 971 1796 &63

57 1793 159 1852 minim
204 1809 275 1851 nece
295 1792 379 1850 ariam
399 1791 502 1866 primus
530 1791 635 1860 Zeno,
669 1792 731 1867 post
751 1794 925 1863 Cleanthes,

56 1867 361 1945 deindecbryfippuu,
380 1867 639 1926 commenticiarum
655 1868 806 1929 fabularum
829 1870 926 1931 redde·

56 1946 264 2005 renationem:
285 1943 511 2012 vocabulorum,
539 1961 587 2004 cur
611 1947 719 2020 'quique
741 1946 779 2003 ita
800 1946 926 2021 appellati

56 2020 128 2092 sint,
147 2024 239 2084 causas
252 2021 398 2096 explicare.¹
416 2018 505 2096 Quod
518 2020 582 2079 cbm
598 2021 700 2089 facitis,
719 2020 786 2079 illud
799 2020 927 2095 professo

57 2094 259 2169 confitemini,
275 2096 360 2172 longe
374 2097 450 2155 aliter
463 2112 523 2156 rem
544 2097 570 2156 se
590 2097 713 2163 habere,
732 2110 815 2173 atque
835 2098 931 2154 homi-

57 2192 131 2235 num
145 2177 243 2252 opinio
257 2174 311 2233 fit:
333 2191 382 2231 eos
401 2175 478 2232 enim
495 2215 504 2242 ,
522 2175 570 2250 qui
580 2174 619 2232 dii
631 2172 816 2248 appellantur,
836 2189 929 2231 rerum

59 2262 172 2312 naturas
186 2249 258 2321 effe,
278 2268 338 2309 non
352 2249 450 2325 figuras
465 2248 592 2310 deorum.

100 2328 196 2387 XXV.
213 2332 293 2405 Qor
315 2345 470 2384 rnunos
498 2342 573 2384 error
598 2325 650 2384 fuit
672 2368 681 2394 ,
708 2335 739 2382 ut
761 2323 928 2400 *perniciosis

60 2403 149 2465 etiarn
170 2405 248 2464 rebus
267 2420 327 2462 non
347 2402 461 2461 crnodd
482 2418 588 2461 nomen
606 2403 724 2460 deorum
743 2403 906 2460 tribueretur
922 2408 952 2468 ,1
966 2392 1044 2470 11111111

62 2480 217 2543 sedetiam
241 2482 313 2542 sacra
344 2479 583 2538 constituerentur.
620 2478 711 2536 Febris
730 2481 806 2537 enim
833 2478 930 2536 saurim
942 2456 1030 2567 ‘ffim

869 2555 934 2613 95in
1007 2554 1014 2569 '

63 2739 115 2789 illo
127 2742 178 2788 Md.
191 2736 315 2794 Suetonii3
331 2747 357 2785 ur
367 2736 463 2786 libari.
480 2750 532 2800 cap.
542 2751 565 2790 7.
581 2735 699 2801 thoro'i'o
713 2747 795 2795 quoque
810 2733 938 2795 quibusdam

67 2804 190 2858 revocaris,
205 2803 360 2848 adoramenta
373 2798 478 2847 contonam
490 2802 597 2847 millium.
628 2803 696 2844 Dedit
707 2798 732 2846 b
744 2799 804 2841 ludos
815 2798 859 2846 (φτ.
876 2800 938 2856 Reg.

66 2863 179 2914 ermemiro
187 2866 285 2912 millium
295 2865 362 2911 clodio.
392 2864 453 2909 dadin
467 2863 493 2914 ἐν
515 2861 633 2912 lodostoo.
657 2859 880 2921 &lib.v.eap.21.
899 2866 940 2903 tdc

64 2929 133 2989 supet
147 2928 301 2988 quadrigarum
311 2928 440 2987 certamino,
456 2929 523 2977 Troia
539 2923 610 2981 susum
619 2927 715 2970 exhibuit
725 2924 750 2972 b
763 2920 939 2978 Africanas&c.

70 2994 135 3050 Μ,
149 3002 216 3047 vero,
235 2991 307 3049 lusum
316 2989 419 3036 exhibuit.
433 2988 529 3035 exhibuit
541 2990 568 3039 da·
579 2985 704 3044 ,Africonoo
714 2987 759 3036 inc.
775 2985 837 3032 Dein
848 2984 903 3048 lego
914 2985 940 3031 δι

70 3051 211 3115 distinguo,
228 3054 345 3113 consonate
354 3050 491 3108 simulacro:
513 3066 558 3113 qna
573 3063 643 3096 aurem
660 3050 783 3099 inssisbe.
812 3048 941 3099 illthro,

70 3130 126 3177 qul
135 3115 276 3177 sequuntur,
290 3128 338 3161 tum
348 3114 481 3175 intelligam,
496 3111 544 3159 crim
556 3130 681 3176 cognovero,
699 3109 789 3173 prorsus
801 3124 843 3157 nec
856 3108 942 3170 probo,

71 3178 243 3242 neeinteltigo.
261 3181 357 3235 Woslaer.
388 3181 444 3222 Tum
456 3177 588 3236 inulligam,
602 3193 649 3222 cum
660 3181 790 3235 cainonem]
805 3172 880 3221 Verba
891 3170 943 3219 sunt

72 3238 205 3293 sinesensu.
227 3240 321 3289 Walker
332 3239 394 3287 nesle
410 3239 485 3296 facit,
508 3238 572 3299 quod
591 3236 671 3295 dicar,
690 3235 712 3285 se
730 3252 781 3284 non
802 3236 944 3298 intelligere.

72 3308 202 3416 Noerero
212 3302 324 3352 dissimile
333 3302 378 3360 eil,
396 3304 540 3352 Ciceronem
554 3299 684 3365 scripfiss'e,
700 3319 747 3349 eom
757 3317 783 3347 ex
792 3313 812 3346 ce
826 3314 946 3362 cognovero.

73 3372 126 3417 Bon
145 3368 184 3416 ier.

108 3444 147 3489 94.
164 3430 232 3491 Quod
245 3430 390 3488 misinensem
402 3428 563 3487 firsoboratir.]
594 3427 696 3477 Mallem
707 3424 821 3490 ablegatis
831 3423 893 3473 binio
904 3434 949 3471 vo·
1017 3480 1020 3485 Ι

75 3492 150 3558 euris,
165 3492 310 3556 miserandam
322 3493 430 3544 laboraris.
464 3495 557 3541 Gruter.
1018 3510 1040 3527 -·

405 3556 487 3603 Mmm
503 3570 579 3605 mmm
593 3570 670 3604 mmm
687 3567 701 3602 2
866 3562 904 3605 95.
922 3552 949 3596 ln
1039 3538 1063 3678 Ι
