2296 3908
232 128 314 196 3204
401 109 475 175 Du
518 109 968 183 Drvrunrrou'z

155 284 157 290 A
236 204 238 211 ’
273 221 386 282 XVIII.
404 220 544 294 Ardua
564 213 621 282 liae
635 223 797 301 extispicum
814 222 989 284 divinatione
1002 221 1111 296 sublata,

86 308 112 362 l.
126 310 225 361 cxvlr.
234 300 328 357 omnis
341 298 509 375 haruspicina
522 298 622 360 sublata
637 299 683 359 est.
724 300 839 360 Ostenta
853 300 929 358 enirn
961 301 1109 378 sequuntur

191 374 265 446 42&
281 374 394 450 fulgura.
414 375 488 435 valet
501 388 595 440 autem
610 376 639 435 in
655 377 803 454 fulguribus
825 375 982 436 obsecratio
1008 378 1108 441 diutur-

232 466 287 518 na;
307 452 337 510 ln
351 452 463 511 ostencit
478 455 547 512 ratio
570 453 735 532 plerumque
755 451 974 529 coniedluraque
998 455 1108 517 adhibe·

234 539 287 584 tur.
326 527 404 602 Quid
417 528 455 587 est
470 530 575 606 igitur,
615 531 673 589 uod
687 530 860 591 observatum
876 529 907 588 fit
922 532 953 588 in
981 529 1107 607 fulgure?

86 625 104 662 ο
119 625 170 665 zu.
236 603 338 662 coelunr
354 606 383 664 in
397 616 479 664 ⁰xv1.
493 617 581 682 partes
592 547 741 668 diuiserunt
754 606 867 675 Etrusci.
901 606 985 664 facile
1001 607 1033 666 id
1051 607 1113 685 qui·¹

85 687 162 743 ΡΜ
176 675 301 741 ‘liudem
330 681 398 749 suit,
416 694 550 758 quattuor
569 725 578 753 ,
600 700 666 760 quas
689 701 740 743 nos
768 684 924 752 habemur,
954 682 1107 759 duplicate:

91 786 93 791 v
234 757 295 833 post
312 755 387 816 idem
402 759 502 825 iterum
526 761 641 828 facere,
661 770 692 818 ut
712 778 748 819 ex
770 777 806 818 co
834 760 988 827 dicerent,
1007 761 1107 823 fulmen

235 849 289 907 qua
305 851 340 891 ex
355 847 430 910 parte
443 833 567 895 venisset.
593 834 715 895 Prirnlrrn
731 835 839 912 idquid
853 833 991 894 Interest?
1013 837 1106 895 deinde

234 910 302 984 quid
315 909 467 986 fignificat?
483 930 583 972 nonne
633 912 769 988 rspicuurn
784 912 821 969 esl
838 954 846 980 ,
866 930 902 970 ex
917 912 1011 986 pritna
1026 912 1107 972 admi-

233 987 503 1047 rationehorninunr
527 1031 535 1058 ,
575 1007 592 1046 u
615 989 633 1047 d
652 990 772 1048 tonitrua
788 987 934 1064 uetusque
958 988 1105 1049 sttlanrrurn

235 1061 436 1134 ertirnuillent,
456 1065 559 1124 credidi
580 1084 596 1123 e
611 1074 643 1122 ea
658 1065 767 1124 efficere
781 1080 872 1123 retum
889 1066 1028 1123 omniurn
1041 1082 1105 1143 prae·

233 1149 378 1212 potentem
393 1140 518 1212 Jovenr?
537 1143 630 1218 itaque
651 1143 680 1200 in
701 1141 796 1200 noslrIs
816 1144 1033 1210 commentariis
1049 1141 1104 1202 scri·

233 1227 312 1288 ptum
328 1214 475 1286 habemus:

112 1363 150 1420 Η
187 1305 222 1364 43
309 1291 383 1375 Jove
397 1309 505 1353 tonante
521 1336 531 1364 ,
550 1306 564 1349 Ρ
566 1293 747 1371 fulgurante,
782 1290 887 1352 comitia
910 1294 1004 1371 populi
1020 1293 1103 1359 buben

126 1380 140 1409 u
161 1379 205 1412 mse
534 1407 537 1413 .
1003 1386 1006 1391 '

83 1378 175 1488 Ἆῤ·
233 1441 301 1502 Hoc
315 1371 596 1529 sortallzefr‘dslpublicae
610 1443 689 1505 caula
705 1443 882 1504 constitutum
900 1446 950 1505 est.
979 1448 1103 1519 comitio

232 1536 293 1578 runt
311 1523 384 1580 enim
401 1540 458 1587 non
473 1521 666 1582 habendorum
683 1521 772 1580 causas
786 1519 838 1580 esse
854 1523 1017 1592 voluerunt.
1054 1524 1101 1583 tra

232 1613 287 1671 que
302 1599 481 1657 comitiorum
497 1597 586 1657 solum
601 1601 700 1657 vitium
718 1598 773 1665 cll,
794 1599 917 1657 fulmen:
940 1600 1023 1677 quod
1035 1598 1100 1665 idern
1134 1670 1138 1675 ¹

232 1675 362 1742 ‚omnibus
382 1675 459 1732 rebus
481 1677 621 1750 optimum
643 1675 794 1748 auspicium·
813 1675 978 1749 habemus,
1004 1676 1101 1737 fitius

232 1749 316 1883 sigum
332 1751 391 1810 fuit.
431 1751 484 1810 Sed
499 1753 533 1811 de
548 1750 668 1826 auspiciis
683 1751 736 1811 alio
752 1751 818 1809 loco
835 1793 844 1821 ,
869 1769 950 1812 nunc
964 1752 1002 1823 de
1024 1753 1100 1830 fulgu

233 1842 256 1882 ri
276 1842 313 1884 us.

271 1902 347 1977 XIX.
369 1906 477 1980 Quin
498 1904 578 1977 igitur
592 1901 681 1962 nrinlrs
695 1900 709 1960 *a
724 1901 839 1978 physicis
854 1902 908 1962 dici
918 1903 1098 1983 dehet‚qudu

232 1978 384 2054 quidquam
400 1983 466 2038 terti
482 1979 624 2053 significari
645 1979 730 2038 rebus'
743 1980 852 2038 incertis
869 1979 880 2035 ἓ
901 1999 965 2039 non
988 1985 1065 2042 enlm
1078 1995 1101 2042 te

232 2067 301 2131 puto
316 2054 369 2113 etse
385 2075 449 2115 eurn
467 2099 475 2124 ,
496 2058 542 2130 qui
557 2055 621 2130 Jovi
638 2056 742 2114 fulmen
760 2056 905 2113 subricatos
929 2054 988 2115 elle
1010 2059 1099 2136 Cyclo

188 2149 279 2215 44pas
294 2132 322 2191 in
338 2131 527 2208 AEtnaputes.
565 2134 637 2191 Narn
655 2130 720 2190 esset
742 2132 887 2203 mirabile,
908 2137 1064 2209 quomodo
1078 2133 1101 2205 ld

192 2210 195 2213 '
233 2209 338 2280 Jupiter
352 2213 433 2268 toties
444 2213 572 2284 jaceret,
593 2208 657 2269 clun
680 2226 765 2273 unum
788 2209 911 2266 haberet.
953 2212 1023 2271 Nec
1043 2208 1100 2270 rcrd

234 2285 394 2347 fulmInibus
408 2287 553 2355 lroques,
594 2284 640 2355 uid
654 2299 700 2344 aut
715 2283 871 2355 sacIendtrm
888 2283 958 2346 esset
975 2330 986 2358 ,
1007 2300 1053 2349 aut
1064 2305 1103 2347 ca·

233 2360 382 2431 vendunt,
410 2375 547 2426 moneret.
566 2304 655 2439 placet
677 2363 752 2422 enim
768 2359 889 2428 Stoicis,
911 2378 964 2428 eos
977 2363 1102 2429 anhelitu

234 2447 333 2509 terrae,
354 2439 401 2512 qui
425 2439 513 2515 frigidi
537 2437 612 2505 sint,
633 2436 696 2495 clim
718 2437 802 2504 fluere
823 2437 993 2511 coeperint,
1014 2453 1103 2507 veutot

177 2572 185 2582 ,
236 2510 312 2570 else:
333 2513 397 2571 curn
413 2529 505 2573 autem
522 2513 547 2571 se
570 2516 597 2572 in
621 2515 725 2571 nubem
746 2513 910 2583 induerint,
931 2517 1054 2596 ejusque
1069 2528 1104 2575 te·

232 2589 386 2650 nuiffimam
406 2608 546 2669 quamque
568 2604 672 2664 purtem
694 2590 828 2666 coeperint
861 2589 997 2652 dividere
1029 2606 1103 2688 atque

233 2663 425 2739 disrumpere,
452 2664 536 2742 idque
557 2665 674 2724 crebrius
702 2667 792 2724 facere
830 2665 860 2728 dc
894 2668 1104 2739 vehemennu,

231 2751 293 2802 turn
317 2744 382 2800 37&
397 2743 516 2818 fulgores
542 2744 572 2800 &
594 2744 713 2802 tonitrua
736 2740 882 2801 exlillere:
910 2741 1049 2807 fiautem
1063 2764 1105 2819 nu·

232 2809 310 2879 bium
325 2819 456 2888 conflictu
470 2819 550 2878 ardor
566 2818 700 2894 expressus
715 2819 741 2877 se
756 2817 876 2876 emiserit
893 2860 903 2884 ,
930 2820 963 2880 id
987 2821 1043 2884 effe
1060 2821 1106 2882 ful-

116 2907 141 2969 c.
160 2908 186 2956 a.
233 2911 309 2955 men.
346 2896 435 2974 Quod
449 2895 530 2972 Igitur
544 2896 573 2968 vi
588 2908 717 2966 naturae,
736 2894 809 2953 nulla
830 2893 1018 2977 constantia,
1036 2899 1103 2960 nullo

264 3157 301 3197 ³7·
317 3147 348 3190 Er
359 3143 464 3208 fulguru,
481 3146 506 3197 uu
518 3144 634 3200 ποιέεται]
647 3139 729 3190 Editio
742 3141 876 3193 vittoni&
893 3147 915 3194 s.
929 3145 1052 3204 vittatis,
1063 3142 1102 3206 sul·

225 3220 294 3268 guter.
321 3205 368 3255 Pal.
386 3221 419 3269 pr.
438 3208 463 3256 dc
486 3205 528 3256 sec.
545 3207 663 3268 fulguret,
690 3217 745 3269 tert.
767 3207 878 3268 fulgorem.
901 3221 988 3271 quart.
1013 3209 1099 3322 susem

230 3271 324 3316 Gruter.
357 3272 457 3333 fulgores
467 3271 493 3320 su
504 3272 600 3316 tonitrua
609 3266 721 3327 eusdem]
736 3268 822 3331 Vulgg.
834 3267 939 3331 fulgura.
970 3271 1037 3322 sedi

229 3343 306 3388 uem,
324 3345 397 3392 quum
413 3333 507 3394 recepi,
523 3331 620 3381 firmant
636 3334 697 3392 Reg.
716 3329 819 3380 cantab.
836 3332 930 3394 alitque
941 3333 1096 3392 Codicum&

226 3391 293 3508 gae
309 3395 423 3458 quldem,
446 3406 471 3465 ut
487 3394 550 3447 olim
564 3394 702 3461 monulmus
718 3391 749 3444 ad
768 3394 870 3453 Minucii
886 3397 987 3451 felitis:
1009 3410 1092 3463 cepta.

251 3473 309 3507 auu.

230 3521 255 3530 ''
287 3456 309 3532 s'
999 3525 1089 3590 Μιι
