<?xml version="1.0" encoding="UTF-8"?>
<!DOCTYPE html PUBLIC "-//W3C//DTD XHTML 1.0 Transitional//EN"
    "http://www.w3.org/TR/xhtml1/DTD/xhtml1-transitional.dtd">
<html xmlns="http://www.w3.org/1999/xhtml" xml:lang="en" lang="en">
 <head>
  <title>
</title>
<meta http-equiv="Content-Type" content="text/html;charset=utf-8" />
  <meta name='ocr-system' content='tesseract 3.04.00' />
  <meta name='ocr-capabilities' content='ocr_page ocr_carea ocr_par ocr_line ocrx_word'/>
</head>
<body>
  <div class='ocr_page' id='page_1' title='image "./marcitulliicice11pedigoog_0303.png"; bbox 0 0 2296 3908; ppageno 0'>
   <div class='ocr_carea' id='block_1_1' title="bbox 176 105 895 196">
    <p class='ocr_par' dir='ltr' id='par_1_1' title="bbox 176 105 895 196">
     <span class='ocr_line' id='line_1_1' title="bbox 176 105 895 196; baseline -0.004 -27"><span class='ocrx_word' id='word_1_1' title='bbox 176 107 256 193; x_wconf 83' lang='lat'>3168</span> <span class='ocrx_word' id='word_1_2' title='bbox 337 105 895 196; x_wconf 77' lang='lat' dir='ltr'>DnDrrrunrroue</span> 
     </span>
    </p>
   </div>
   <div class='ocr_carea' id='block_1_2' title="bbox 57 214 1088 2044">
    <p class='ocr_par' dir='ltr' id='par_1_2' title="bbox 57 214 1088 2044">
     <span class='ocr_line' id='line_1_2' title="bbox 174 214 1052 299; baseline -0.001 -20"><span class='ocrx_word' id='word_1_3' title='bbox 174 216 285 279; x_wconf 87' lang='lat' dir='ltr'>solebat.</span> <span class='ocrx_word' id='word_1_4' title='bbox 323 219 483 297; x_wconf 69' lang='lat' dir='ltr'>cunpiigo</span> <span class='ocrx_word' id='word_1_5' title='bbox 498 217 592 287; x_wconf 83' lang='lat' dir='ltr'>staret,</span> <span class='ocrx_word' id='word_1_6' title='bbox 613 221 642 278; x_wconf 73' lang='grc' dir='ltr'>ὃ(</span> <span class='ocrx_word' id='word_1_7' title='bbox 660 217 772 276; x_wconf 85' lang='lat' dir='ltr'>Caecilia</span> <span class='ocrx_word' id='word_1_8' title='bbox 793 217 826 299; x_wconf 77' lang='lat' dir='ltr'>in¹</span> <span class='ocrx_word' id='word_1_9' title='bbox 842 215 908 297; x_wconf 78' lang='lat' dir='ltr'>sella</span> <span class='ocrx_word' id='word_1_10' title='bbox 926 214 1052 289; x_wconf 74' lang='lat' dir='ltr'>sedetet,</span> 
     </span>
     <span class='ocr_line' id='line_1_3' title="bbox 179 292 1052 375; baseline -0.003 -20"><span class='ocrx_word' id='word_1_11' title='bbox 179 312 214 355; x_wconf 91' lang='lat' dir='ltr'>ne</span> <span class='ocrx_word' id='word_1_12' title='bbox 236 314 270 354; x_wconf 93' lang='lat' dir='ltr'>ue</span> <span class='ocrx_word' id='word_1_13' title='bbox 285 294 333 354; x_wconf 92' lang='lat' dir='ltr'>diu</span> <span class='ocrx_word' id='word_1_14' title='bbox 345 295 398 354; x_wconf 91' lang='lat' dir='ltr'>ulla</span> <span class='ocrx_word' id='word_1_15' title='bbox 411 314 468 355; x_wconf 85' lang='lat' dir='ltr'>vox</span> <span class='ocrx_word' id='word_1_16' title='bbox 483 292 636 363; x_wconf 73' lang='lat' dir='ltr'>exstitisset,</span> <span class='ocrx_word' id='word_1_17' title='bbox 655 294 773 370; x_wconf 85' lang='lat' dir='ltr'>puellam</span> <span class='ocrx_word' id='word_1_18' title='bbox 795 292 983 367; x_wconf 79' lang='lat' dir='ltr'>defatigatam</span> <span class='ocrx_word' id='word_1_19' title='bbox 1005 313 1052 375; x_wconf 84' lang='lat' dir='ltr'>pe·</span> 
     </span>
     <span class='ocr_line' id='line_1_4' title="bbox 179 312 1051 451; baseline 0.003 -23"><span class='ocrx_word' id='word_1_20' title='bbox 179 312 247 429; x_wconf 58' lang='lat' dir='ltr'>tiillle</span> <span class='ocrx_word' id='word_1_21' title='bbox 264 370 280 429; x_wconf 77' lang='lat' dir='ltr'>d</span> <span class='ocrx_word' id='word_1_22' title='bbox 296 384 459 443; x_wconf 82' lang='lat' dir='ltr'>matertera,</span> <span class='ocrx_word' id='word_1_23' title='bbox 486 380 516 451; x_wconf 82' lang='lat' dir='ltr'>ut</span> <span class='ocrx_word' id='word_1_24' title='bbox 531 371 578 431; x_wconf 86' lang='lat' dir='ltr'>fibi</span> <span class='ocrx_word' id='word_1_25' title='bbox 598 370 763 451; x_wconf 75' lang='lat' dir='ltr'>concederet</span> <span class='ocrx_word' id='word_1_26' title='bbox 784 366 955 451; x_wconf 74' lang='lat' dir='ltr'>paullisper,</span> <span class='ocrx_word' id='word_1_27' title='bbox 977 372 1051 431; x_wconf 87' lang='lat' dir='ltr'>utin</span> 
     </span>
     <span class='ocr_line' id='line_1_5' title="bbox 180 438 1048 529; baseline 0 -26"><span class='ocrx_word' id='word_1_28' title='bbox 180 447 238 521; x_wconf 77' lang='lat' dir='ltr'>ejus</span> <span class='ocrx_word' id='word_1_29' title='bbox 250 447 310 507; x_wconf 89' lang='lat' dir='ltr'>sella</span> <span class='ocrx_word' id='word_1_30' title='bbox 324 446 523 529; x_wconf 79' lang='lat' dir='ltr'>requiesceret:</span> <span class='ocrx_word' id='word_1_31' title='bbox 550 448 625 507; x_wconf 87' lang='lat' dir='ltr'>illam</span> <span class='ocrx_word' id='word_1_32' title='bbox 647 458 740 505; x_wconf 87' lang='lat' dir='ltr'>autem</span> <span class='ocrx_word' id='word_1_33' title='bbox 761 440 880 515; x_wconf 81' lang='lat' dir='ltr'>dixisse,</span> <span class='ocrx_word' id='word_1_34' title='bbox 908 438 1048 517; x_wconf 78' lang='lat' dir='ltr'>⁶4Verd,</span> 
     </span>
     <span class='ocr_line' id='line_1_6' title="bbox 181 522 1047 655; baseline 0 -74"><span class='ocrx_word' id='word_1_35' title='bbox 181 524 246 581; x_wconf 79' lang='lat' dir='ltr'>mea</span> <span class='ocrx_word' id='word_1_36' title='bbox 260 523 367 599; x_wconf 89' lang='lat' dir='ltr'>puella,</span> <span class='ocrx_word' id='word_1_37' title='bbox 385 525 433 583; x_wconf 90' lang='lat' dir='ltr'>ribi</span> <span class='ocrx_word' id='word_1_38' title='bbox 449 523 576 584; x_wconf 88' lang='lat' dir='ltr'>concedo</span> <span class='ocrx_word' id='word_1_39' title='bbox 592 540 666 583; x_wconf 86' lang='lat' dir='ltr'>meas</span> <span class='ocrx_word' id='word_1_40' title='bbox 679 522 762 581; x_wconf 86' lang='lat' dir='ltr'>sedes.</span> <span class='ocrx_word' id='word_1_41' title='bbox 801 522 881 655; x_wconf 42' lang='lat' dir='ltr'>{uod</span> <span class='ocrx_word' id='word_1_42' title='bbox 896 538 991 581; x_wconf 89' lang='lat' dir='ltr'>omen</span> <span class='ocrx_word' id='word_1_43' title='bbox 1012 538 1047 603; x_wconf 74' lang='lat' dir='ltr'>res</span> 
     </span>
     <span class='ocr_line' id='line_1_7' title="bbox 181 598 1046 676; baseline 0.002 -20"><span class='ocrx_word' id='word_1_44' title='bbox 181 599 327 657; x_wconf 84' lang='lat' dir='ltr'>consecuta</span> <span class='ocrx_word' id='word_1_45' title='bbox 342 600 385 658; x_wconf 88' lang='lat' dir='ltr'>est.</span> <span class='ocrx_word' id='word_1_46' title='bbox 420 601 472 676; x_wconf 91' lang='lat' dir='ltr'>ipsa</span> <span class='ocrx_word' id='word_1_47' title='bbox 486 601 560 659; x_wconf 91' lang='lat' dir='ltr'>enim</span> <span class='ocrx_word' id='word_1_48' title='bbox 576 600 653 659; x_wconf 88' lang='lat' dir='ltr'>brevi</span> <span class='ocrx_word' id='word_1_49' title='bbox 667 610 805 658; x_wconf 83' lang='lat' dir='ltr'>mortuae</span> <span class='ocrx_word' id='word_1_50' title='bbox 836 619 842 656; x_wconf 94' lang='lat'><strong>:</strong></span> <span class='ocrx_word' id='word_1_51' title='bbox 865 598 1046 673; x_wconf 86' lang='lat' dir='ltr'>virgoautem</span> 
     </span>
     <span class='ocr_line' id='line_1_8' title="bbox 182 672 1046 753; baseline 0.001 -21"><span class='ocrx_word' id='word_1_52' title='bbox 182 675 270 749; x_wconf 81' lang='lat' dir='ltr'>nupsit</span> <span class='ocrx_word' id='word_1_53' title='bbox 285 677 330 734; x_wconf 92' lang='lat' dir='ltr'>cui</span> <span class='ocrx_word' id='word_1_54' title='bbox 345 677 458 735; x_wconf 87' lang='lat' dir='ltr'>Caecilia</span> <span class='ocrx_word' id='word_1_55' title='bbox 472 690 556 752; x_wconf 83' lang='lat' dir='ltr'>nupta</span> <span class='ocrx_word' id='word_1_56' title='bbox 570 679 666 736; x_wconf 88' lang='lat' dir='ltr'>suerat.</span> <span class='ocrx_word' id='word_1_57' title='bbox 704 676 782 753; x_wconf 38' lang='lat' dir='ltr'>Haec,</span> <span class='ocrx_word' id='word_1_58' title='bbox 792 672 869 747; x_wconf 84' lang='lat' dir='ltr'>posse</span> <span class='ocrx_word' id='word_1_59' title='bbox 883 676 1046 744; x_wconf 89' lang='lat' dir='ltr'>contemni,</span> 
     </span>
     <span class='ocr_line' id='line_1_9' title="bbox 183 748 1046 833; baseline 0.002 -26"><span class='ocrx_word' id='word_1_60' title='bbox 183 753 323 810; x_wconf 82' lang='lat' dir='ltr'>ueletiam</span> <span class='ocrx_word' id='word_1_61' title='bbox 340 753 436 823; x_wconf 87' lang='lat' dir='ltr'>rideri,</span> <span class='ocrx_word' id='word_1_62' title='bbox 456 752 583 831; x_wconf 73' lang='lat' dir='ltr'>praeclare</span> <span class='ocrx_word' id='word_1_63' title='bbox 603 752 749 827; x_wconf 87' lang='lat' dir='ltr'>intelligo:</span> <span class='ocrx_word' id='word_1_64' title='bbox 776 748 969 833; x_wconf 84' lang='lat' dir='ltr'>sedidipsum</span> <span class='ocrx_word' id='word_1_65' title='bbox 989 752 1046 831; x_wconf 81' lang='lat' dir='ltr'>est,</span> 
     </span>
     <span class='ocr_line' id='line_1_10' title="bbox 57 826 1048 907; baseline -0.01 -11"><span class='ocrx_word' id='word_1_66' title='bbox 57 847 141 896; x_wconf 58' lang='grc' dir='ltr'>καί.</span> <span class='ocrx_word' id='word_1_67' title='bbox 183 826 249 886; x_wconf 87' lang='lat' dir='ltr'>deos</span> <span class='ocrx_word' id='word_1_68' title='bbox 263 847 320 887; x_wconf 93' lang='lat' dir='ltr'>non</span> <span class='ocrx_word' id='word_1_69' title='bbox 336 847 445 904; x_wconf 86' lang='lat' dir='ltr'>putare:</span> <span class='ocrx_word' id='word_1_70' title='bbox 465 847 528 907; x_wconf 82' lang='lat' dir='ltr'>quae</span> <span class='ocrx_word' id='word_1_71' title='bbox 542 831 576 889; x_wconf 89' lang='lat' dir='ltr'>ab</span> <span class='ocrx_word' id='word_1_72' title='bbox 590 831 621 887; x_wconf 90' lang='lat' dir='ltr'>iis</span> <span class='ocrx_word' id='word_1_73' title='bbox 636 826 835 905; x_wconf 86' lang='lat' dir='ltr'>fignificantur,</span> <span class='ocrx_word' id='word_1_74' title='bbox 855 839 1048 886; x_wconf 87' lang='lat' dir='ltr'>contemnere.</span> 
     </span>
     <span class='ocr_line' id='line_1_11' title="bbox 120 902 1088 982; baseline -0.006 -15"><span class='ocrx_word' id='word_1_75' title='bbox 120 918 171 982; x_wconf 73' lang='lat'>105</span> <span class='ocrx_word' id='word_1_76' title='bbox 221 905 341 963; x_wconf 85' lang='lat' dir='ltr'>XLVII.</span> <span class='ocrx_word' id='word_1_77' title='bbox 363 908 467 981; x_wconf 88' lang='lat' dir='ltr'>Qurn</span> <span class='ocrx_word' id='word_1_78' title='bbox 490 924 534 963; x_wconf 80' lang='lat' dir='ltr'>ne</span> <span class='ocrx_word' id='word_1_79' title='bbox 561 906 703 981; x_wconf 86' lang='lat' dir='ltr'>auguribus</span> <span class='ocrx_word' id='word_1_80' title='bbox 723 902 847 980; x_wconf 84' lang='lat' dir='ltr'>loquar?</span> <span class='ocrx_word' id='word_1_81' title='bbox 875 916 937 961; x_wconf 87' lang='lat' dir='ltr'>tuae</span> <span class='ocrx_word' id='word_1_82' title='bbox 967 917 1048 979; x_wconf 84' lang='lat' dir='ltr'>partes</span> <span class='ocrx_word' id='word_1_83' title='bbox 1086 918 1088 931; x_wconf 90' lang='grc'><strong><em>·</em></strong></span> 
     </span>
     <span class='ocr_line' id='line_1_12' title="bbox 182 978 1048 1057; baseline 0 -18"><span class='ocrx_word' id='word_1_84' title='bbox 182 978 267 1039; x_wconf 87' lang='lat' dir='ltr'>sunt:</span> <span class='ocrx_word' id='word_1_85' title='bbox 296 994 396 1048; x_wconf 86' lang='lat' dir='ltr'>tuum,</span> <span class='ocrx_word' id='word_1_86' title='bbox 424 983 561 1057; x_wconf 85' lang='lat' dir='ltr'>inquam,</span> <span class='ocrx_word' id='word_1_87' title='bbox 587 981 768 1057; x_wconf 87' lang='lat' dir='ltr'>auspiciorum</span> <span class='ocrx_word' id='word_1_88' title='bbox 790 980 983 1055; x_wconf 81' lang='lat' dir='ltr'>patrocinium</span> <span class='ocrx_word' id='word_1_89' title='bbox 1005 980 1048 1039; x_wconf 91' lang='lat' dir='ltr'>de·</span> 
     </span>
     <span class='ocr_line' id='line_1_13' title="bbox 182 1052 1046 1133; baseline 0.002 -20"><span class='ocrx_word' id='word_1_90' title='bbox 182 1054 230 1115; x_wconf 85' lang='lat' dir='ltr'>be&#39;t</span> <span class='ocrx_word' id='word_1_91' title='bbox 244 1055 306 1115; x_wconf 86' lang='lat' dir='ltr'>esse.</span> <span class='ocrx_word' id='word_1_92' title='bbox 344 1058 372 1111; x_wconf 84' lang='lat'>⁶5</span> <span class='ocrx_word' id='word_1_93' title='bbox 382 1057 430 1115; x_wconf 88' lang='lat' dir='ltr'>tibi</span> <span class='ocrx_word' id='word_1_94' title='bbox 450 1059 479 1133; x_wconf 73' lang='grc' dir='ltr'>Ρἕ</span> <span class='ocrx_word' id='word_1_95' title='bbox 502 1056 629 1117; x_wconf 87' lang='lat' dir='ltr'>Claudius</span> <span class='ocrx_word' id='word_1_96' title='bbox 657 1075 741 1133; x_wconf 85' lang='lat' dir='ltr'>augur</span> <span class='ocrx_word' id='word_1_97' title='bbox 762 1052 866 1115; x_wconf 88' lang='lat' dir='ltr'>consuli</span> <span class='ocrx_word' id='word_1_98' title='bbox 888 1057 1046 1125; x_wconf 86' lang='lat' dir='ltr'>nuntiavit,</span> 
     </span>
     <span class='ocr_line' id='line_1_14' title="bbox 107 1124 1046 1211; baseline 0.003 -23"><span class='ocrx_word' id='word_1_99' title='bbox 107 1128 111 1135; x_wconf 56' lang='lat'><strong><em>⁴</em></strong></span> <span class='ocrx_word' id='word_1_100' title='bbox 185 1132 342 1191; x_wconf 86' lang='lat' dir='ltr'>addubitato</span> <span class='ocrx_word' id='word_1_101' title='bbox 357 1124 451 1191; x_wconf 78' lang='lat' dir='ltr'>Salutis</span> <span class='ocrx_word' id='word_1_102' title='bbox 472 1134 611 1210; x_wconf 85' lang='lat' dir='ltr'>augurio,</span> <span class='ocrx_word' id='word_1_103' title='bbox 630 1133 731 1211; x_wconf 81' lang='lat' dir='ltr'>bellurn</span> <span class='ocrx_word' id='word_1_104' title='bbox 765 1130 957 1191; x_wconf 84' lang='lat' dir='ltr'>domesticum</span> <span class='ocrx_word' id='word_1_105' title='bbox 981 1132 1046 1193; x_wconf 78' lang='lat' dir='ltr'>triste</span> 
     </span>
     <span class='ocr_line' id='line_1_15' title="bbox 182 1204 1046 1287; baseline 0.003 -23"><span class='ocrx_word' id='word_1_106' title='bbox 182 1224 217 1279; x_wconf 81' lang='lat' dir='ltr'>ac</span> <span class='ocrx_word' id='word_1_107' title='bbox 231 1208 415 1267; x_wconf 89' lang='lat' dir='ltr'>turbulentum</span> <span class='ocrx_word' id='word_1_108' title='bbox 430 1206 506 1275; x_wconf 76' lang='lat' dir='ltr'>foret</span> <span class='ocrx_word' id='word_1_109' title='bbox 525 1210 603 1287; x_wconf 86' lang='lat' dir='ltr'>qnod</span> <span class='ocrx_word' id='word_1_110' title='bbox 615 1210 707 1285; x_wconf 86' lang='lat' dir='ltr'>paucis</span> <span class='ocrx_word' id='word_1_111' title='bbox 721 1204 781 1287; x_wconf 79' lang='lat' dir='ltr'>post</span> <span class='ocrx_word' id='word_1_112' title='bbox 799 1206 956 1279; x_wconf 75' lang='lat' dir='ltr'>&#39;menfibus&#39;</span> <span class='ocrx_word' id='word_1_113' title='bbox 973 1226 1046 1269; x_wconf 85' lang='lat' dir='ltr'>eror-</span> 
     </span>
     <span class='ocr_line' id='line_1_16' title="bbox 184 1280 1044 1363; baseline 0.005 -24"><span class='ocrx_word' id='word_1_114' title='bbox 184 1294 262 1354; x_wconf 87' lang='lat' dir='ltr'>turn,</span> <span class='ocrx_word' id='word_1_115' title='bbox 282 1284 488 1361; x_wconf 69' lang='lat' dir='ltr'>paucioribus&#39;d</span> <span class='ocrx_word' id='word_1_116' title='bbox 502 1299 530 1361; x_wconf 82' lang='lat' dir='ltr'>te</span> <span class='ocrx_word' id='word_1_117' title='bbox 545 1287 582 1345; x_wconf 88' lang='lat' dir='ltr'>est</span> <span class='ocrx_word' id='word_1_118' title='bbox 595 1286 689 1345; x_wconf 89' lang='lat' dir='ltr'>diebus</span> <span class='ocrx_word' id='word_1_119' title='bbox 704 1304 723 1343; x_wconf 95' lang='lat' dir='ltr'>o</span> <span class='ocrx_word' id='word_1_120' title='bbox 744 1280 871 1359; x_wconf 80' lang='lat' dir='ltr'>pressum.</span> <span class='ocrx_word' id='word_1_121' title='bbox 915 1286 973 1344; x_wconf 92' lang='lat' dir='ltr'>Cui</span> <span class='ocrx_word' id='word_1_122' title='bbox 993 1285 1044 1363; x_wconf 48' lang='lat' dir='ltr'>qui,-</span> 
     </span>
     <span class='ocr_line' id='line_1_17' title="bbox 182 1304 1044 1443; baseline 0.005 -26"><span class='ocrx_word' id='word_1_123' title='bbox 182 1358 246 1417; x_wconf 89' lang='lat' dir='ltr'>dem</span> <span class='ocrx_word' id='word_1_124' title='bbox 262 1364 355 1435; x_wconf 89' lang='lat' dir='ltr'>auguri</span> <span class='ocrx_word' id='word_1_125' title='bbox 371 1360 550 1423; x_wconf 87' lang='lat' dir='ltr'>vehementer</span> <span class='ocrx_word' id='word_1_126' title='bbox 563 1359 698 1422; x_wconf 87' lang='lat' dir='ltr'>assentior.</span> <span class='ocrx_word' id='word_1_127' title='bbox 718 1304 790 1419; x_wconf 48' lang='lat' dir='ltr'>tirius</span> <span class='ocrx_word' id='word_1_128' title='bbox 804 1360 883 1441; x_wconf 83' lang='lat' dir='ltr'>enim</span> <span class='ocrx_word' id='word_1_129' title='bbox 897 1362 1044 1443; x_wconf 84' lang='lat' dir='ltr'>multorum</span> 
     </span>
     <span class='ocr_line' id='line_1_18' title="bbox 179 1436 1045 1512; baseline 0.007 -21"><span class='ocrx_word' id='word_1_130' title='bbox 179 1450 315 1495; x_wconf 87' lang='lat' dir='ltr'>annorum</span> <span class='ocrx_word' id='word_1_131' title='bbox 339 1440 474 1498; x_wconf 83' lang='lat' dir='ltr'>memoria</span> <span class='ocrx_word' id='word_1_132' title='bbox 497 1458 555 1498; x_wconf 90' lang='lat' dir='ltr'>non</span> <span class='ocrx_word' id='word_1_133' title='bbox 578 1436 742 1497; x_wconf 83' lang='lat' dir='ltr'>decantandi</span> <span class='ocrx_word' id='word_1_134' title='bbox 762 1438 893 1512; x_wconf 83' lang='lat' dir='ltr'>augurii,</span> <span class='ocrx_word' id='word_1_135' title='bbox 915 1438 963 1497; x_wconf 90' lang='lat' dir='ltr'>sed</span> <span class='ocrx_word' id='word_1_136' title='bbox 984 1436 1045 1497; x_wconf 79' lang='lat' dir='ltr'>divi-</span> 
     </span>
     <span class='ocr_line' id='line_1_19' title="bbox 179 1508 1042 1591; baseline 0.007 -24"><span class='ocrx_word' id='word_1_137' title='bbox 179 1513 262 1569; x_wconf 90' lang='lat' dir='ltr'>nandi</span> <span class='ocrx_word' id='word_1_138' title='bbox 275 1515 363 1571; x_wconf 90' lang='lat' dir='ltr'>tenuit</span> <span class='ocrx_word' id='word_1_139' title='bbox 376 1515 551 1588; x_wconf 81' lang='lat' dir='ltr'>disciplinam.</span> <span class='ocrx_word' id='word_1_140' title='bbox 592 1533 677 1591; x_wconf 85' lang='lat' dir='ltr'>quern</span> <span class='ocrx_word' id='word_1_141' title='bbox 691 1512 981 1591; x_wconf 25' lang='lat' dir='ltr'>irridebantlcollegae</span> <span class='ocrx_word' id='word_1_142' title='bbox 992 1508 1042 1581; x_wconf 90' lang='lat' dir='ltr'>tui,</span> 
     </span>
     <span class='ocr_line' id='line_1_20' title="bbox 180 1587 1043 1664; baseline 0.005 -19"><span class='ocrx_word' id='word_1_143' title='bbox 180 1605 300 1664; x_wconf 90' lang='lat' dir='ltr'>eumque</span> <span class='ocrx_word' id='word_1_144' title='bbox 315 1602 373 1648; x_wconf 88' lang='lat' dir='ltr'>tum</span> <span class='ocrx_word' id='word_1_145' title='bbox 390 1591 522 1661; x_wconf 80' lang='lat' dir='ltr'>Pisidam,</span> <span class='ocrx_word' id='word_1_146' title='bbox 542 1604 602 1651; x_wconf 90' lang='lat' dir='ltr'>turn</span> <span class='ocrx_word' id='word_1_147' title='bbox 625 1594 759 1648; x_wconf 75' lang='lat' dir='ltr'>Soranum</span> <span class='ocrx_word' id='word_1_148' title='bbox 780 1606 918 1662; x_wconf 82' lang='lat' dir='ltr'>augurem</span> <span class='ocrx_word' id='word_1_149' title='bbox 942 1587 996 1649; x_wconf 85' lang='lat' dir='ltr'>else</span> <span class='ocrx_word' id='word_1_150' title='bbox 1008 1588 1043 1659; x_wconf 72' lang='lat' dir='ltr'>di,-</span> 
     </span>
     <span class='ocr_line' id='line_1_21' title="bbox 179 1664 1043 1741; baseline 0.006 -21"><span class='ocrx_word' id='word_1_151' title='bbox 179 1664 285 1723; x_wconf 81' lang='lat' dir='ltr'>cebant.</span> <span class='ocrx_word' id='word_1_152' title='bbox 325 1666 420 1740; x_wconf 88' lang='lat' dir='ltr'>quibus</span> <span class='ocrx_word' id='word_1_153' title='bbox 434 1666 506 1725; x_wconf 83' lang='lat' dir='ltr'>nulla</span> <span class='ocrx_word' id='word_1_154' title='bbox 528 1667 667 1726; x_wconf 87' lang='lat' dir='ltr'>videbatur</span> <span class='ocrx_word' id='word_1_155' title='bbox 688 1664 716 1722; x_wconf 88' lang='lat' dir='ltr'>in</span> <span class='ocrx_word' id='word_1_156' title='bbox 737 1666 855 1739; x_wconf 84' lang='lat' dir='ltr'>auguriis</span> <span class='ocrx_word' id='word_1_157' title='bbox 884 1679 936 1725; x_wconf 89' lang='lat' dir='ltr'>aut</span> <span class='ocrx_word' id='word_1_158' title='bbox 966 1664 1043 1741; x_wconf 82' lang='lat' dir='ltr'>auspi·</span> 
     </span>
     <span class='ocr_line' id='line_1_22' title="bbox 182 1740 1042 1817; baseline 0.006 -21"><span class='ocrx_word' id='word_1_159' title='bbox 182 1740 228 1797; x_wconf 85' lang='lat' dir='ltr'>ciis</span> <span class='ocrx_word' id='word_1_160' title='bbox 242 1740 403 1814; x_wconf 86' lang='lat' dir='ltr'>praesensro,</span> <span class='ocrx_word' id='word_1_161' title='bbox 422 1743 451 1783; x_wconf 84' lang='lat'>⁶⁶</span> <span class='ocrx_word' id='word_1_162' title='bbox 461 1754 506 1799; x_wconf 87' lang='lat' dir='ltr'>aut</span> <span class='ocrx_word' id='word_1_163' title='bbox 520 1743 628 1802; x_wconf 89' lang='lat' dir='ltr'>scientia</span> <span class='ocrx_word' id='word_1_164' title='bbox 642 1741 760 1799; x_wconf 82' lang='lat' dir='ltr'>veritatis</span> <span class='ocrx_word' id='word_1_165' title='bbox 773 1742 896 1813; x_wconf 58' lang='lat' dir='ltr'>sunum</span> <span class='ocrx_word' id='word_1_166' title='bbox 917 1740 1042 1817; x_wconf 74' lang='lat' dir='ltr'>sapienter</span> 
     </span>
     <span class='ocr_line' id='line_1_23' title="bbox 180 1812 1043 1895; baseline 0.003 -23"><span class='ocrx_word' id='word_1_167' title='bbox 180 1814 289 1889; x_wconf 74' lang='lat' dir='ltr'>aiebant</span> <span class='ocrx_word' id='word_1_168' title='bbox 303 1817 335 1873; x_wconf 91' lang='lat' dir='ltr'>ad</span> <span class='ocrx_word' id='word_1_169' title='bbox 351 1818 513 1890; x_wconf 88' lang='lat' dir='ltr'>opinionem</span> <span class='ocrx_word' id='word_1_170' title='bbox 527 1820 718 1895; x_wconf 85' lang='lat' dir='ltr'>imperitorum</span> <span class='ocrx_word' id='word_1_171' title='bbox 734 1812 787 1875; x_wconf 84' lang='lat' dir='ltr'>esse</span> <span class='ocrx_word' id='word_1_172' title='bbox 803 1814 880 1875; x_wconf 69' lang='lat' dir='ltr'>fisias</span> <span class='ocrx_word' id='word_1_173' title='bbox 896 1814 1043 1894; x_wconf 61' lang='lat' dir='ltr'>religiones.</span> 
     </span>
     <span class='ocr_line' id='line_1_24' title="bbox 180 1889 1040 1971; baseline 0.006 -23"><span class='ocrx_word' id='word_1_174' title='bbox 180 1892 267 1965; x_wconf 91' lang='lat' dir='ltr'>Quod</span> <span class='ocrx_word' id='word_1_175' title='bbox 284 1891 366 1965; x_wconf 78' lang='lat' dir='ltr'>longe</span> <span class='ocrx_word' id='word_1_176' title='bbox 380 1893 454 1950; x_wconf 85' lang='lat' dir='ltr'>secus</span> <span class='ocrx_word' id='word_1_177' title='bbox 469 1894 522 1961; x_wconf 87' lang='lat' dir='ltr'>est;</span> <span class='ocrx_word' id='word_1_178' title='bbox 542 1912 634 1971; x_wconf 89' lang='lat' dir='ltr'>neque</span> <span class='ocrx_word' id='word_1_179' title='bbox 655 1896 731 1952; x_wconf 88' lang='lat' dir='ltr'>enim</span> <span class='ocrx_word' id='word_1_180' title='bbox 752 1894 781 1950; x_wconf 90' lang='lat' dir='ltr'>in</span> <span class='ocrx_word' id='word_1_181' title='bbox 801 1893 956 1969; x_wconf 85' lang='lat' dir='ltr'>pastoribus</span> <span class='ocrx_word' id='word_1_182' title='bbox 977 1889 1040 1961; x_wconf 83' lang='lat' dir='ltr'>illis,</span> 
     </span>
     <span class='ocr_line' id='line_1_25' title="bbox 179 1967 1041 2044; baseline 0.008 -22"><span class='ocrx_word' id='word_1_183' title='bbox 179 1967 276 2042; x_wconf 89' lang='lat' dir='ltr'>quibus</span> <span class='ocrx_word' id='word_1_184' title='bbox 289 1968 424 2025; x_wconf 88' lang='lat' dir='ltr'>Romulus</span> <span class='ocrx_word' id='word_1_185' title='bbox 439 1971 564 2043; x_wconf 85' lang='lat' dir='ltr'>praesuit,</span> <span class='ocrx_word' id='word_1_186' title='bbox 584 1988 637 2029; x_wconf 90' lang='lat' dir='ltr'>nec</span> <span class='ocrx_word' id='word_1_187' title='bbox 651 1972 679 2027; x_wconf 91' lang='lat' dir='ltr'>in</span> <span class='ocrx_word' id='word_1_188' title='bbox 693 1967 750 2044; x_wconf 93' lang='lat' dir='ltr'>ipso</span> <span class='ocrx_word' id='word_1_189' title='bbox 767 1968 897 2027; x_wconf 90' lang='lat' dir='ltr'>Romulo</span> <span class='ocrx_word' id='word_1_190' title='bbox 918 1970 983 2029; x_wconf 88' lang='lat' dir='ltr'>haec</span> <span class='ocrx_word' id='word_1_191' title='bbox 997 1968 1041 2029; x_wconf 83' lang='lat' dir='ltr'>cal·</span> 
     </span>
    </p>
   </div>
   <div class='ocr_carea' id='block_1_3' title="bbox 178 2038 1042 2257">
    <p class='ocr_par' dir='ltr' id='par_1_3' title="bbox 178 2038 1042 2257">
     <span class='ocr_line' id='line_1_26' title="bbox 178 2038 1040 2122; baseline 0.005 -23"><span class='ocrx_word' id='word_1_192' title='bbox 178 2038 266 2101; x_wconf 89' lang='lat' dir='ltr'>liditas</span> <span class='ocrx_word' id='word_1_193' title='bbox 281 2040 333 2101; x_wconf 84' lang='lat' dir='ltr'>elie</span> <span class='ocrx_word' id='word_1_194' title='bbox 367 2046 453 2113; x_wconf 88' lang='lat' dir='ltr'>otuit,</span> <span class='ocrx_word' id='word_1_195' title='bbox 474 2058 504 2103; x_wconf 92' lang='lat' dir='ltr'>ut</span> <span class='ocrx_word' id='word_1_196' title='bbox 517 2045 551 2103; x_wconf 90' lang='lat' dir='ltr'>ad</span> <span class='ocrx_word' id='word_1_197' title='bbox 566 2064 686 2104; x_wconf 90' lang='lat' dir='ltr'>errorem</span> <span class='ocrx_word' id='word_1_198' title='bbox 709 2042 890 2115; x_wconf 85' lang='lat' dir='ltr'>multitudiuis</span> <span class='ocrx_word' id='word_1_199' title='bbox 911 2046 1040 2122; x_wconf 81' lang='lat' dir='ltr'>religionis</span> 
     </span>
     <span class='ocr_line' id='line_1_27' title="bbox 180 2062 1042 2257; baseline 0.007 -81"><span class='ocrx_word' id='word_1_200' title='bbox 180 2116 321 2179; x_wconf 86' lang='lat' dir='ltr'>simulacra</span> <span class='ocrx_word' id='word_1_201' title='bbox 340 2062 496 2196; x_wconf 63' lang='lat' dir='ltr'>fipngerenr:</span> <span class='ocrx_word' id='word_1_202' title='bbox 515 2122 580 2182; x_wconf 92' lang='lat' dir='ltr'>·sed</span> <span class='ocrx_word' id='word_1_203' title='bbox 599 2122 740 2180; x_wconf 88' lang='lat' dir='ltr'>difficultas</span> <span class='ocrx_word' id='word_1_204' title='bbox 765 2120 901 2199; x_wconf 88' lang='lat' dir='ltr'>laborque</span> <span class='ocrx_word' id='word_1_205' title='bbox 931 2118 1042 2257; x_wconf 45' lang='lat' dir='ltr'>discedi}</span> 
     </span>
    </p>
   </div>
   <div class='ocr_carea' id='block_1_4' title="bbox 77 2350 1045 3366">
    <p class='ocr_par' dir='ltr' id='par_1_4' title="bbox 180 2350 1041 2551">
     <span class='ocr_line' id='line_1_28' title="bbox 209 2350 1041 2432; baseline 0.007 -23"><span class='ocrx_word' id='word_1_206' title='bbox 209 2350 251 2421; x_wconf 64' lang='lat'><strong>&#39;64.</strong></span> <span class='ocrx_word' id='word_1_207' title='bbox 271 2367 319 2409; x_wconf 78' lang='lat' dir='ltr'>Vm</span> <span class='ocrx_word' id='word_1_208' title='bbox 328 2365 478 2423; x_wconf 71' lang='lat' dir='ltr'>meapuella]</span> <span class='ocrx_word' id='word_1_209' title='bbox 492 2364 577 2425; x_wconf 67' lang='lat' dir='ltr'>veneti</span> <span class='ocrx_word' id='word_1_210' title='bbox 587 2381 655 2412; x_wconf 77' lang='lat' dir='ltr'>vero:</span> <span class='ocrx_word' id='word_1_211' title='bbox 671 2378 726 2411; x_wconf 84' lang='lat' dir='ltr'>nam</span> <span class='ocrx_word' id='word_1_212' title='bbox 738 2363 846 2425; x_wconf 78' lang='lat' dir='ltr'>quamvis</span> <span class='ocrx_word' id='word_1_213' title='bbox 864 2364 916 2415; x_wconf 68' lang='lat' dir='ltr'>hcc</span> <span class='ocrx_word' id='word_1_214' title='bbox 937 2366 1041 2432; x_wconf 73' lang='lat' dir='ltr'>particule</span> 
     </span>
     <span class='ocr_line' id='line_1_29' title="bbox 180 2424 1041 2495; baseline 0.01 -22"><span class='ocrx_word' id='word_1_215' title='bbox 180 2424 230 2473; x_wconf 85' lang='lat' dir='ltr'>sere</span> <span class='ocrx_word' id='word_1_216' title='bbox 240 2425 307 2472; x_wconf 84' lang='lat' dir='ltr'>alteri</span> <span class='ocrx_word' id='word_1_217' title='bbox 318 2425 389 2473; x_wconf 89' lang='lat' dir='ltr'>verbo</span> <span class='ocrx_word' id='word_1_218' title='bbox 408 2424 479 2473; x_wconf 85' lang='lat' dir='ltr'>soleat</span> <span class='ocrx_word' id='word_1_219' title='bbox 494 2424 617 2491; x_wconf 83' lang='lat' dir='ltr'>subjungi,</span> <span class='ocrx_word' id='word_1_220' title='bbox 638 2442 717 2474; x_wconf 87' lang='lat' dir='ltr'>tamen</span> <span class='ocrx_word' id='word_1_221' title='bbox 733 2431 758 2477; x_wconf 76' lang='lat' dir='ltr'>dt</span> <span class='ocrx_word' id='word_1_222' title='bbox 776 2427 875 2475; x_wconf 84' lang='lat' dir='ltr'>initialis</span> <span class='ocrx_word' id='word_1_223' title='bbox 895 2432 1041 2495; x_wconf 70' lang='lat' dir='ltr'>reperiaris</span> 
     </span>
     <span class='ocr_line' id='line_1_30' title="bbox 181 2486 986 2551; baseline 0.007 -15"><span class='ocrx_word' id='word_1_224' title='bbox 181 2486 352 2551; x_wconf 81' lang='lat' dir='ltr'>significatione</span> <span class='ocrx_word' id='word_1_225' title='bbox 363 2502 454 2544; x_wconf 85' lang='lat' dir='ltr'>earum,</span> <span class='ocrx_word' id='word_1_226' title='bbox 471 2504 521 2547; x_wconf 73' lang='lat' dir='ltr'>quc</span> <span class='ocrx_word' id='word_1_227' title='bbox 531 2492 680 2537; x_wconf 68' lang='lat' dir='ltr'>{narrentanis</span> <span class='ocrx_word' id='word_1_228' title='bbox 691 2489 757 2538; x_wconf 70' lang='lat' dir='ltr'>distat</span> <span class='ocrx_word' id='word_1_229' title='bbox 769 2488 841 2539; x_wconf 88' lang='lat' dir='ltr'>sue&#39;re.</span> <span class='ocrx_word' id='word_1_230' title='bbox 876 2497 986 2543; x_wconf 78' lang='lat' dir='ltr'>camerar.</span> 
     </span>
    </p>

    <p class='ocr_par' dir='ltr' id='par_1_5' title="bbox 125 2552 1043 2742">
     <span class='ocr_line' id='line_1_31' title="bbox 125 2552 1041 2617; baseline 0.011 -21"><span class='ocrx_word' id='word_1_231' title='bbox 125 2555 128 2563; x_wconf 89' lang='grc'><em>“</em></span> <span class='ocrx_word' id='word_1_232' title='bbox 214 2560 250 2604; x_wconf 84' lang='lat'>⁶5.</span> <span class='ocrx_word' id='word_1_233' title='bbox 267 2552 317 2596; x_wconf 75' lang='lat' dir='ltr'>rili</span> <span class='ocrx_word' id='word_1_234' title='bbox 331 2556 354 2597; x_wconf 83' lang='lat' dir='ltr'>P.</span> <span class='ocrx_word' id='word_1_235' title='bbox 368 2554 489 2610; x_wconf 52' lang='lat' dir='ltr'>claudius]</span> <span class='ocrx_word' id='word_1_236' title='bbox 505 2556 562 2599; x_wconf 86' lang='lat' dir='ltr'>Puro</span> <span class='ocrx_word' id='word_1_237' title='bbox 574 2552 717 2615; x_wconf 79' lang='lat' dir='ltr'>legendum,</span> <span class='ocrx_word' id='word_1_238' title='bbox 735 2560 795 2613; x_wconf 65' lang='lat' dir='ltr'>App.</span> <span class='ocrx_word' id='word_1_239' title='bbox 806 2554 931 2611; x_wconf 66' lang='lat' dir='ltr'>claudius,</span> <span class='ocrx_word' id='word_1_240' title='bbox 951 2557 993 2617; x_wconf 88' lang='lat' dir='ltr'>qui</span> <span class='ocrx_word' id='word_1_241' title='bbox 1004 2554 1041 2605; x_wconf 74' lang='lat' dir='ltr'>suit</span> 
     </span>
     <span class='ocr_line' id='line_1_32' title="bbox 181 2612 1042 2723; baseline 0.01 -64"><span class='ocrx_word' id='word_1_242' title='bbox 181 2616 206 2660; x_wconf 80' lang='grc' dir='ltr'>Ρ,</span> <span class='ocrx_word' id='word_1_243' title='bbox 218 2612 299 2660; x_wconf 88' lang='lat' dir='ltr'>Clodii</span> <span class='ocrx_word' id='word_1_244' title='bbox 311 2612 394 2668; x_wconf 84' lang='lat' dir='ltr'>frater,</span> <span class='ocrx_word' id='word_1_245' title='bbox 412 2628 484 2677; x_wconf 87' lang='lat' dir='ltr'>augur</span> <span class='ocrx_word' id='word_1_246' title='bbox 483 2614 652 2723; x_wconf 62' lang='lat' dir='ltr'>¹peritissimus,</span> <span class='ocrx_word' id='word_1_247' title='bbox 669 2615 710 2677; x_wconf 86' lang='lat' dir='ltr'>qui</span> <span class='ocrx_word' id='word_1_248' title='bbox 721 2616 794 2664; x_wconf 85' lang='lat' dir='ltr'>etiarn</span> <span class='ocrx_word' id='word_1_249' title='bbox 810 2612 841 2663; x_wconf 83' lang='lat' dir='ltr'>cle</span> <span class='ocrx_word' id='word_1_250' title='bbox 858 2620 970 2678; x_wconf 81' lang='lat' dir='ltr'>augurali</span> <span class='ocrx_word' id='word_1_251' title='bbox 980 2618 1042 2667; x_wconf 85' lang='lat' dir='ltr'>seien-</span> 
     </span>
     <span class='ocr_line' id='line_1_33' title="bbox 181 2674 1043 2742; baseline 0.014 -21"><span class='ocrx_word' id='word_1_252' title='bbox 181 2676 215 2728; x_wconf 86' lang='lat' dir='ltr'>ria</span> <span class='ocrx_word' id='word_1_253' title='bbox 226 2674 297 2723; x_wconf 87' lang='lat' dir='ltr'>libros</span> <span class='ocrx_word' id='word_1_254' title='bbox 310 2674 390 2724; x_wconf 81' lang='lat' dir='ltr'>edidit.</span> <span class='ocrx_word' id='word_1_255' title='bbox 407 2676 473 2731; x_wconf 79' lang='lat' dir='ltr'>quod</span> <span class='ocrx_word' id='word_1_256' title='bbox 492 2693 514 2730; x_wconf 82' lang='lat' dir='ltr'>r,</span> <span class='ocrx_word' id='word_1_257' title='bbox 530 2679 591 2725; x_wconf 86' lang='lat' dir='ltr'>hunc</span> <span class='ocrx_word' id='word_1_258' title='bbox 606 2676 652 2726; x_wconf 81' lang='lat' dir='ltr'>eise</span> <span class='ocrx_word' id='word_1_259' title='bbox 664 2686 723 2741; x_wconf 77' lang='lat' dir='ltr'>App.</span> <span class='ocrx_word' id='word_1_260' title='bbox 736 2678 882 2729; x_wconf 76' lang='lat' dir='ltr'>Claudiurn.</span> <span class='ocrx_word' id='word_1_261' title='bbox 898 2682 1043 2742; x_wconf 74' lang='lat' dir='ltr'>probabitur</span> 
     </span>
    </p>

    <p class='ocr_par' dir='ltr' id='par_1_6' title="bbox 77 2734 1045 3239">
     <span class='ocr_line' id='line_1_34' title="bbox 77 2734 1045 2803; baseline 0.014 -21"><span class='ocrx_word' id='word_1_262' title='bbox 77 2738 82 2755; x_wconf 84' lang='lat'><strong>¹</strong></span> <span class='ocrx_word' id='word_1_263' title='bbox 181 2734 296 2786; x_wconf 85' lang='lat' dir='ltr'>constabit</span> <span class='ocrx_word' id='word_1_264' title='bbox 307 2752 335 2785; x_wconf 83' lang='lat' dir='ltr'>err</span> <span class='ocrx_word' id='word_1_265' title='bbox 347 2739 472 2793; x_wconf 87' lang='lat' dir='ltr'>hocloco,</span> <span class='ocrx_word' id='word_1_266' title='bbox 487 2740 579 2793; x_wconf 82' lang='lat' dir='ltr'>veliis,</span> <span class='ocrx_word' id='word_1_267' title='bbox 595 2741 634 2803; x_wconf 87' lang='lat' dir='ltr'>qui</span> <span class='ocrx_word' id='word_1_268' title='bbox 646 2743 739 2794; x_wconf 81' lang='lat' dir='ltr'>iuvenes</span> <span class='ocrx_word' id='word_1_269' title='bbox 749 2738 885 2793; x_wconf 84' lang='lat' dir='ltr'>admodur&#39;n&#39;</span> <span class='ocrx_word' id='word_1_270' title='bbox 893 2743 985 2803; x_wconf 78' lang='lat' dir='ltr'>essent,</span> <span class='ocrx_word' id='word_1_271' title='bbox 999 2750 1045 2795; x_wconf 68' lang='lat'>²⁰·</span> 
     </span>
     <span class='ocr_line' id='line_1_35' title="bbox 181 2798 1044 2873; baseline 0.014 -26"><span class='ocrx_word' id='word_1_272' title='bbox 181 2804 226 2849; x_wconf 84' lang='lat' dir='ltr'>&#39;rnae</span> <span class='ocrx_word' id='word_1_273' title='bbox 237 2801 297 2848; x_wconf 91' lang='lat' dir='ltr'>olim</span> <span class='ocrx_word' id='word_1_274' title='bbox 309 2800 359 2847; x_wconf 87' lang='lat' dir='ltr'>sieri</span> <span class='ocrx_word' id='word_1_275' title='bbox 371 2817 467 2863; x_wconf 77' lang='lat' dir='ltr'>augures</span> <span class='ocrx_word' id='word_1_276' title='bbox 482 2798 568 2849; x_wconf 90' lang='lat' dir='ltr'>licuisse</span> <span class='ocrx_word' id='word_1_277' title='bbox 580 2818 588 2857; x_wconf 79' lang='lat'>3</span> <span class='ocrx_word' id='word_1_278' title='bbox 605 2802 691 2864; x_wconf 89' lang='lat' dir='ltr'>quippe</span> <span class='ocrx_word' id='word_1_279' title='bbox 708 2802 763 2851; x_wconf 83' lang='lat' dir='ltr'>ciam</span> <span class='ocrx_word' id='word_1_280' title='bbox 784 2806 892 2855; x_wconf 87' lang='lat' dir='ltr'>triennio</span> <span class='ocrx_word' id='word_1_281' title='bbox 908 2820 968 2857; x_wconf 79' lang='lat' dir='ltr'>ante</span> <span class='ocrx_word' id='word_1_282' title='bbox 981 2806 1044 2873; x_wconf 76' lang='lat' dir='ltr'>Appii</span> 
     </span>
     <span class='ocr_line' id='line_1_36' title="bbox 180 2863 1045 2934; baseline 0.01 -24"><span class='ocrx_word' id='word_1_283' title='bbox 180 2863 316 2911; x_wconf 70' lang='lat' dir='ltr'>:dilitatem</span> <span class='ocrx_word' id='word_1_284' title='bbox 328 2864 507 2911; x_wconf 83' lang='lat' dir='ltr'>Ciceroconsul</span> <span class='ocrx_word' id='word_1_285' title='bbox 522 2864 602 2919; x_wconf 59' lang='lat' dir='ltr'>suerin</span> <span class='ocrx_word' id='word_1_286' title='bbox 620 2866 717 2912; x_wconf 72' lang='lat' dir='ltr'>aedilitas</span> <span class='ocrx_word' id='word_1_287' title='bbox 728 2878 806 2914; x_wconf 84' lang='lat' dir='ltr'>autern</span> <span class='ocrx_word' id='word_1_288' title='bbox 816 2868 973 2921; x_wconf 83' lang='lat' dir='ltr'>consulatum</span> <span class='ocrx_word' id='word_1_289' title='bbox 982 2872 1045 2934; x_wconf 80' lang='lat' dir='ltr'>quin·</span> 
     </span>
     <span class='ocr_line' id='line_1_37' title="bbox 182 2927 1044 2990; baseline 0.01 -18"><span class='ocrx_word' id='word_1_290' title='bbox 182 2927 288 2987; x_wconf 85' lang='lat' dir='ltr'>quennin</span> <span class='ocrx_word' id='word_1_291' title='bbox 316 2927 434 2973; x_wconf 69' lang='lat' dir='ltr'>recesserit</span> <span class='ocrx_word' id='word_1_292' title='bbox 447 2942 453 2973; x_wconf 76' lang='lat' dir='ltr'>t</span> <span class='ocrx_word' id='word_1_293' title='bbox 470 2927 511 2987; x_wconf 87' lang='lat' dir='ltr'>qui</span> <span class='ocrx_word' id='word_1_294' title='bbox 522 2938 576 2973; x_wconf 87' lang='lat' dir='ltr'>anre</span> <span class='ocrx_word' id='word_1_295' title='bbox 587 2940 670 2975; x_wconf 77' lang='lat' dir='ltr'>aurrr.</span> <span class='ocrx_word' id='word_1_296' title='bbox 686 2928 759 2975; x_wconf 67' lang='lat' dir='ltr'>atatis</span> <span class='ocrx_word' id='word_1_297' title='bbox 770 2942 861 2978; x_wconf 87' lang='lat' dir='ltr'>annum</span> <span class='ocrx_word' id='word_1_298' title='bbox 880 2935 995 2990; x_wconf 82' lang='lat' dir='ltr'>nemini,</span> <span class='ocrx_word' id='word_1_299' title='bbox 1008 2930 1044 2983; x_wconf 79' lang='lat' dir='ltr'>iii</span> 
     </span>
     <span class='ocr_line' id='line_1_38' title="bbox 182 2988 1044 3053; baseline 0.012 -16"><span class='ocrx_word' id='word_1_300' title='bbox 182 3000 247 3037; x_wconf 82' lang='lat' dir='ltr'>extra</span> <span class='ocrx_word' id='word_1_301' title='bbox 260 3003 287 3035; x_wconf 90' lang='lat' dir='ltr'>or</span> <span class='ocrx_word' id='word_1_302' title='bbox 304 2990 385 3041; x_wconf 87' lang='lat' dir='ltr'>inem,</span> <span class='ocrx_word' id='word_1_303' title='bbox 403 2988 499 3036; x_wconf 80' lang='lat' dir='ltr'>dabatur</span> <span class='ocrx_word' id='word_1_304' title='bbox 513 3001 519 3032; x_wconf 74' lang='grc' dir='ltr'><strong><em>ε</em></strong></span> <span class='ocrx_word' id='word_1_305' title='bbox 536 3002 613 3047; x_wconf 84' lang='lat' dir='ltr'>eoque</span> <span class='ocrx_word' id='word_1_306' title='bbox 625 2992 689 3036; x_wconf 87' lang='lat' dir='ltr'>anrio</span> <span class='ocrx_word' id='word_1_307' title='bbox 705 2990 746 3049; x_wconf 82' lang='lat' dir='ltr'>qul</span> <span class='ocrx_word' id='word_1_308' title='bbox 760 2991 869 3041; x_wconf 81' lang='lat' dir='ltr'>consules</span> <span class='ocrx_word' id='word_1_309' title='bbox 885 2994 980 3045; x_wconf 82' lang='lat' dir='ltr'>fiebant</span> <span class='ocrx_word' id='word_1_310' title='bbox 991 3030 999 3053; x_wconf 91' lang='lat'>,</span> <span class='ocrx_word' id='word_1_311' title='bbox 1009 2998 1044 3044; x_wconf 73' lang='lat' dir='ltr'>suo</span> 
     </span>
     <span class='ocr_line' id='line_1_39' title="bbox 184 3050 1044 3125; baseline 0.014 -27"><span class='ocrx_word' id='word_1_312' title='bbox 184 3064 250 3099; x_wconf 78' lang='lat' dir='ltr'>anno</span> <span class='ocrx_word' id='word_1_313' title='bbox 260 3052 365 3099; x_wconf 83' lang='lat' dir='ltr'>consules</span> <span class='ocrx_word' id='word_1_314' title='bbox 382 3052 430 3099; x_wconf 78' lang='lat' dir='ltr'>sieri</span> <span class='ocrx_word' id='word_1_315' title='bbox 446 3050 598 3099; x_wconf 84' lang='lat' dir='ltr'>dicebantur:</span> <span class='ocrx_word' id='word_1_316' title='bbox 619 3052 683 3111; x_wconf 86' lang='lat' dir='ltr'>quod</span> <span class='ocrx_word' id='word_1_317' title='bbox 700 3051 754 3100; x_wconf 83' lang='lat' dir='ltr'>alibi</span> <span class='ocrx_word' id='word_1_318' title='bbox 770 3054 857 3103; x_wconf 86' lang='lat' dir='ltr'>Cicero</span> <span class='ocrx_word' id='word_1_319' title='bbox 872 3053 917 3107; x_wconf 82' lang='lat' dir='ltr'>fibi</span> <span class='ocrx_word' id='word_1_320' title='bbox 929 3056 1044 3125; x_wconf 60' lang='lat' dir='ltr'>coutlffl&#39;llt</span> 
     </span>
     <span class='ocr_line' id='line_1_40' title="bbox 185 3111 1044 3185; baseline 0.014 -27"><span class='ocrx_word' id='word_1_321' title='bbox 185 3111 249 3161; x_wconf 81' lang='lat' dir='ltr'>dicit.</span> <span class='ocrx_word' id='word_1_322' title='bbox 268 3111 304 3161; x_wconf 86' lang='lat' dir='ltr'>sed</span> <span class='ocrx_word' id='word_1_323' title='bbox 317 3114 360 3159; x_wconf 79' lang='lat' dir='ltr'>liae</span> <span class='ocrx_word' id='word_1_324' title='bbox 371 3113 400 3161; x_wconf 90' lang='lat' dir='ltr'>de</span> <span class='ocrx_word' id='word_1_325' title='bbox 412 3129 435 3161; x_wconf 88' lang='lat' dir='ltr'>re</span> <span class='ocrx_word' id='word_1_326' title='bbox 446 3116 470 3161; x_wconf 77' lang='grc' dir='ltr'>δι</span> <span class='ocrx_word' id='word_1_327' title='bbox 484 3114 605 3174; x_wconf 82' lang='lat' dir='ltr'>plenius&amp;</span> <span class='ocrx_word' id='word_1_328' title='bbox 620 3114 746 3162; x_wconf 77' lang='lat' dir='ltr'>dislinstius</span> <span class='ocrx_word' id='word_1_329' title='bbox 759 3116 782 3161; x_wconf 90' lang='lat' dir='ltr'>in</span> <span class='ocrx_word' id='word_1_330' title='bbox 793 3131 823 3164; x_wconf 88' lang='lat' dir='ltr'>eo</span> <span class='ocrx_word' id='word_1_331' title='bbox 833 3117 918 3177; x_wconf 88' lang='lat' dir='ltr'>libro,</span> <span class='ocrx_word' id='word_1_332' title='bbox 935 3136 1006 3185; x_wconf 85' lang='lat' dir='ltr'>quem</span> <span class='ocrx_word' id='word_1_333' title='bbox 1018 3118 1044 3169; x_wconf 81' lang='lat' dir='ltr'>de</span> 
     </span>
     <span class='ocr_line' id='line_1_41' title="bbox 186 3172 801 3239; baseline 0.002 -18"><span class='ocrx_word' id='word_1_334' title='bbox 186 3173 360 3236; x_wconf 80' lang='lat' dir='ltr'>Magistratibus</span> <span class='ocrx_word' id='word_1_335' title='bbox 372 3180 445 3225; x_wconf 77' lang='lat' dir='ltr'>Rom.</span> <span class='ocrx_word' id='word_1_336' title='bbox 457 3172 554 3239; x_wconf 74' lang='lat' dir='ltr'>aggressi</span> <span class='ocrx_word' id='word_1_337' title='bbox 567 3177 648 3223; x_wconf 82' lang='lat' dir='ltr'>sumus.</span> <span class='ocrx_word' id='word_1_338' title='bbox 682 3183 706 3225; x_wconf 86' lang='lat' dir='ltr'>P.</span> <span class='ocrx_word' id='word_1_339' title='bbox 716 3182 801 3227; x_wconf 76' lang='lat' dir='ltr'>Manus.</span> 
     </span>
    </p>

    <p class='ocr_par' dir='ltr' id='par_1_7' title="bbox 184 3238 1041 3366">
     <span class='ocr_line' id='line_1_42' title="bbox 219 3238 1041 3300; baseline 0.011 -18"><span class='ocrx_word' id='word_1_340' title='bbox 219 3245 256 3284; x_wconf 75' lang='grc' dir='ltr'>σο.</span> <span class='ocrx_word' id='word_1_341' title='bbox 275 3246 326 3281; x_wconf 80' lang='lat' dir='ltr'>.Aur</span> <span class='ocrx_word' id='word_1_342' title='bbox 337 3238 447 3296; x_wconf 67' lang='lat' dir='ltr'>sci&#39;enn&#39;a]</span> <span class='ocrx_word' id='word_1_343' title='bbox 462 3242 537 3285; x_wconf 84' lang='lat' dir='ltr'>Hasce</span> <span class='ocrx_word' id='word_1_344' title='bbox 548 3252 616 3285; x_wconf 86' lang='lat' dir='ltr'>voces</span> <span class='ocrx_word' id='word_1_345' title='bbox 628 3239 903 3300; x_wconf 74' lang='lat' dir='ltr'>cumedirr.ven.147r.</span> <span class='ocrx_word' id='word_1_346' title='bbox 920 3242 1041 3293; x_wconf 78' lang='lat' dir='ltr'>aelladim.</span> 
     </span>
     <span class='ocr_line' id='line_1_43' title="bbox 184 3300 1040 3366; baseline 0.009 -22"><span class='ocrx_word' id='word_1_347' title='bbox 184 3300 364 3361; x_wconf 72' lang='lat' dir='ltr'>pretermissum</span> <span class='ocrx_word' id='word_1_348' title='bbox 390 3302 439 3349; x_wconf 75' lang='lat' dir='ltr'>nal.</span> <span class='ocrx_word' id='word_1_349' title='bbox 463 3304 487 3348; x_wconf 73' lang='lat' dir='ltr'>dr</span> <span class='ocrx_word' id='word_1_350' title='bbox 510 3305 569 3364; x_wconf 81' lang='lat' dir='ltr'>Reg.</span> <span class='ocrx_word' id='word_1_351' title='bbox 593 3304 668 3366; x_wconf 83' lang='lat' dir='ltr'>iisque</span> <span class='ocrx_word' id='word_1_352' title='bbox 690 3303 780 3361; x_wconf 77' lang='lat' dir='ltr'>reiedlis</span> <span class='ocrx_word' id='word_1_353' title='bbox 805 3307 901 3357; x_wconf 84' lang='lat' dir='ltr'>constat</span> <span class='ocrx_word' id='word_1_354' title='bbox 928 3308 1040 3357; x_wconf 65' lang='lat' dir='ltr'>serrantia</span> 
     </span>
    </p>
   </div>
   <div class='ocr_carea' id='block_1_5' title="bbox 174 3363 1041 3559">
    <p class='ocr_par' dir='ltr' id='par_1_8' title="bbox 174 3363 1041 3559">
     <span class='ocr_line' id='line_1_44' title="bbox 182 3363 1041 3435; baseline 0.019 -28"><span class='ocrx_word' id='word_1_355' title='bbox 182 3366 263 3420; x_wconf 84' lang='lat' dir='ltr'>Quum</span> <span class='ocrx_word' id='word_1_356' title='bbox 276 3375 356 3409; x_wconf 84' lang='lat' dir='ltr'>tamen</span> <span class='ocrx_word' id='word_1_357' title='bbox 367 3378 405 3410; x_wconf 84' lang='lat' dir='ltr'>eas</span> <span class='ocrx_word' id='word_1_358' title='bbox 419 3363 577 3425; x_wconf 75' lang='lat' dir='ltr'>representem</span> <span class='ocrx_word' id='word_1_359' title='bbox 593 3368 633 3414; x_wconf 81' lang='lat' dir='ltr'>alii</span> <span class='ocrx_word' id='word_1_360' title='bbox 647 3367 715 3417; x_wconf 77' lang='lat' dir='ltr'>bonae</span> <span class='ocrx_word' id='word_1_361' title='bbox 729 3379 793 3417; x_wconf 66' lang='lat' dir='ltr'>nota</span> <span class='ocrx_word' id='word_1_362' title='bbox 811 3371 913 3429; x_wconf 80' lang='lat' dir='ltr'>MSSti,</span> <span class='ocrx_word' id='word_1_363' title='bbox 929 3368 995 3421; x_wconf 78' lang='lat' dir='ltr'>suum</span> <span class='ocrx_word' id='word_1_364' title='bbox 1008 3380 1041 3435; x_wconf 62' lang='lat' dir='ltr'>pff</span> 
     </span>
     <span class='ocr_line' id='line_1_45' title="bbox 174 3423 1041 3545; baseline 0.01 -71"><span class='ocrx_word' id='word_1_365' title='bbox 174 3424 289 3474; x_wconf 73' lang='lat' dir='ltr'>&#39;melleet</span> <span class='ocrx_word' id='word_1_366' title='bbox 302 3423 522 3476; x_wconf 83' lang='lat' dir='ltr'>obtineantlocum.</span> <span class='ocrx_word' id='word_1_367' title='bbox 558 3430 638 3491; x_wconf 28' lang='lat' dir='ltr'>reaviss</span> <span class='ocrx_word' id='word_1_368' title='bbox 1005 3496 1041 3545; x_wconf 46' lang='grc' dir='ltr'>ὅ,</span> 
     </span>
     <span class='ocr_line' id='line_1_46' title="bbox 955 3506 993 3559; baseline 0.026 -12"><span class='ocrx_word' id='word_1_369' title='bbox 955 3506 993 3559; x_wconf 80' lang='lat'>⁶7·</span> 
     </span>
    </p>
   </div>
   <div class='ocr_carea' id='block_1_6' title="bbox 0 0 1160 3908">
    <p class='ocr_par' dir='ltr' id='par_1_9' title="bbox 0 0 1160 3908">
     <span class='ocr_line' id='line_1_47' title="bbox 0 0 1160 3908; baseline 0 0"><span class='ocrx_word' id='word_1_370' title='bbox 0 0 1160 3908; x_wconf 95' lang='lat' dir='ltr'> </span> 
     </span>
    </p>
   </div>
  </div>
 </body>
</html>
