2296 3908
219 131 302 207 μοι
416 103 480 174 Dr
502 101 703 172 Narona
723 98 921 169 Drorurt

223 232 367 287 mortuus,
388 228 415 274 ³5
424 221 454 279 in
467 201 656 352 Tympanidis
669 232 769 291 rogum
784 213 872 275 illatus
893 215 934 276 est
949 237 958 276 ι
982 235 1101 311 eamque

216 297 397 376 potestatem,
416 312 501 374 quam
515 312 570 369 tpe
584 310 633 368 pet
646 290 800 351 secluserat
813 291 910 353 nadrur
930 337 939 364 ,
956 297 1038 373 quafi
1069 318 1099 361 u.

94 426 99 431 .
175 375 210 453 85
222 374 290 435 iiam
305 374 513 448 &legitimam,
528 370 683 429 hereditatis
696 369 761 427 loco
776 367 834 427 filio
851 370 1000 432 irradidit.
1021 316 1098 437 wia.

72 444 199 568 rfflijsslt
224 452 281 511 vita
295 452 325 510 in
337 450 393 509 hoc
414 450 480 510 loco
501 446 619 507 uersatur
641 445 739 505 oratio.
777 443 885 505 videtur
901 448 984 510 enlm
1006 450 1097 541 audo-

72 522 144 643 lii‘odir
158 531 218 632 celidri
1066 546 1095 589 '²'

73 647 128 696 MS.

257 773 293 818 ³5·
310 758 506 820 Inl'ympanidr‘srr
520 772 557 805 tun
567 756 644 805 illatas
651 754 699 816 eja]
709 753 744 804 Sic
754 754 837 818 reperit
847 754 1093 810 invrtustiffimoeri

223 822 357 878 Victorius,
371 770 550 877 mmmididm,
566 823 589 866 in
600 821 735 883 tyrannidis,
751 817 817 891 quod
823 816 899 867 exstat
910 834 1014 885 quoque
1021 822 1093 872 iniri.

224 898 279 936 tert.
289 886 372 935 verbm
383 879 575 948 praetractari
586 896 631 946 pta
642 880 771 938 scierunt,
786 896 811 930 tn
820 882 938 945 typmidr't.
951 896 1032 948 quart.
1042 888 1093 939 tito
1131 932 1134 937 ,

224 952 297 1005 nidis,
312 949 387 1010 quint.
403 949 539 1008 timpanidt't.
558 948 652 995 Gruter.
683 942 736 992 Post
751 957 836 993 omues
846 946 1092 1008 nupercotriestttttm

225 1009 292 1060 suam
302 1009 427 1074 publicavit
437 1013 485 1059 Pet.
497 1009 584 1058 Petitur
598 1011 622 1055 tit
636 1007 771 1068 Tiymart'dae
780 1010 866 1055 lartum
882 1041 890 1065 ‚
906 1006 950 1060 lib.
960 1024 981 1061 1.
997 1006 1092 1061 Misedl.

225 1072 316 1123 observ.
327 1088 378 1138 cap.
384 1092 407 1133 4·
424 1070 463 1120 ubi
474 1071 551 1120 multa
562 1071 706 1135 interrogat,
721 1067 804 1132 quibus
818 1067 958 1133 responderi
970 1070 1092 1123 artaret

226 1140 323 1184 Gronov.
356 1143 383 1182 ltt
394 1136 534 1196 Tympanr'dt's
544 1149 616 1196 rogum
626 1136 701 1180 alturus
711 1134 760 1193 effi]
778 1136 856 1181 Locus
866 1132 906 1182 hic
916 1132 933 1183 Ξ
951 1135 1094 1187 Critidt'h·

227 1199 294 1248 betur
304 1213 347 1261 pro
358 1198 487 1249 insanabili.
520 1210 578 1261 nant
588 1195 647 1246 illud
657 1197 796 1257 Tympanidir
807 1196 900 1246 nullutn
909 1194 1007 1247 senstmt
1020 1196 1093 1249 ellici.

227 1267 260 1312 Α.
277 1266 343 1310 MSS.
358 1261 419 1320 ,nihil
430 1260 510 1311 auxilii
522 1259 573 1315 eli,
594 1258 655 1307 adeo
671 1258 769 1308 variant.
801 1259 909 1308 bacellua
921 1260 984 1311 trist
997 1262 1043 1312 Sic.
1058 1260 1093 1311 libr

228 1339 275 1373 111.
291 1339 341 1389 cap.
352 1338 373 1374 ῐ.
390 1324 461 1388 legit,
476 1324 629 1386 triumphantis
639 1325 663 1369 in
673 1321 760 1368 madum
769 1324 792 1367 in
804 1338 877 1385 rogum
887 1323 968 1371 illatus
976 1322 1009 1385 est
1023 1357 1031 1382 ,
1045 1324 1094 1389 qued

226 1390 320 1435 nimium
332 1387 347 1432 a*
357 1399 416 1436 textu
426 1388 511 1437 recedit.
528 1386 614 1435 teritus
624 1382 692 1433 Misc.
704 1383 745 1434 lib.
752 1399 773 1432 1.
790 1397 840 1447 cap.
848 1402 870 1441 4.
887 1387 912 1431 t'tr
923 1389 1052 1440 Tamarida
1063 1404 1095 1436 aa·

222 1452 363 1513 gomillam
376 1450 411 1507 esi.
442 1448 492 1498 Alii
508 1448 554 1498 alin
569 1447 715 1502 attulerunt,
737 1461 815 1507 neque
828 1460 875 1510 ego
890 1444 975 1498 forsan
991 1450 1046 1499 allis
1059 1462 1094 1501 eto

228 1512 328 1563 felicior.
362 1512 421 1561 Vide
433 1523 515 1560 tamen
524 1509 604 1574 ,quid
614 1508 674 1558 milti
684 1511 709 1558 iu
720 1523 826 1558 mentem
842 1510 941 1560 venerit.
962 1509 1041 1563 Diod.
1057 1514 1093 1563 Sir.

227 1576 330 1638 loquens
341 1574 370 1624 de
380 1576 485 1636 exequiis
496 1573 558 1622 iliius
569 1573 680 1634 tyranni,
703 1570 759 1620 dicit
770 1605 778 1629 ,
793 1573 842 1632 eius
863 1570 942 1621 lilium
963 1574 1095 1626 exiirttxiffr

226 1653 315 1702 rogum
325 1652 380 1687 ante
390 1649 469 1701 portas
479 1637 554 1699 regias
567 1669 574 1690 ,
597 1634 662 1684 aaran*
677 1635 716 1684 rit
729 1636 860 1691 tintinna,
892 1636 946 1696 πρὸς
959 1636 1020 1693 ’ταῖς
1035 1640 1097 1695 βιη-

228 1705 278 1749 aiat
293 1704 430 1753 κιλιιμὲιιυι
443 1701 533 1752 πόλεις.
567 1700 640 1745 Portae
655 1694 701 1745 iiiae
720 1731 728 1755 ,
747 1711 798 1758 quae
820 1695 937 1747 ducebant
956 1713 990 1749 ex
1011 1702 1096 1759 arcein

228 1761 328 1818 urbem,
344 1775 410 1810 erant
427 1762 531 1824 quinque
547 1773 669 1816 numero,
693 1762 718 1809 &
735 1760 879 1809 vocabantur
895 1765 1061 1821 arteriarum,
1073 1777 1095 1814 ur

229 1836 295 1888 patet
306 1823 320 1873 e
331 1826 387 1873 loco
397 1823 514 1872 Plutarchi
524 1824 548 1871 in
561 1824 615 1871 Vita
626 1823 710 1871 Dinnis
720 1827 793 1872 Tom.
802 1839 822 1874 r.
839 1837 893 1886 pag.
900 1838 956 1876 970.
975 1840 1031 1887 quo
1046 1828 1095 1877 loco

230 1888 302 1936 etiarn
319 1887 419 1941 videas,
439 1885 484 1933 esse
500 1885 532 1935 ibi
548 1884 629 1933 locum
646 1884 677 1933 ad
691 1889 817 1933 conciones
834 1885 963 1938 habendas.
982 1888 1018 1939 ibi
1033 1892 1040 1939 i
1057 1893 1096 1939 'ut

156 1947 160 1954 '
228 1946 279 1997 stne
298 1948 372 1998 dubio
387 1949 485 1997 cadaver
501 1949 565 1998 Dion
584 1947 610 1997 fii
625 1946 719 1996 illatum
736 1946 780 1996 fuit
796 1949 821 1995 itt
838 1963 935 2013 rogum.
968 1954 1027 2003 veri
1070 1954 1097 2003 ‘le

47 2058 49 2067 ,
123 2056 127 2063 ,
227 2011 299 2074 igitur
308 2011 341 2060 est
353 2011 495 2060 Ciceronem
504 1963 634 2074 scripdli'e,
660 2015 683 2056 t'n
699 2013 819 2072 Pentapytis
837 2029 883 2071 rogo
899 2014 982 2061 illatus
1004 2017 1041 2075 est.
1068 2020 1097 2067 ln

230 2078 299 2123 MSS.
310 2088 334 2122 ut
345 2086 369 2123 ut
382 2073 513 2136 corruptis,
530 2073 611 2121 durius
624 2071 741 2133 quosdam
752 2073 816 2122 vocis
833 2075 961 2137 ientapilis
979 2076 1097 2129 &senate

229 2136 299 2195 licet,
315 2138 355 2201 qui
367 2137 434 2185 loeus
444 2137 527 2185 adeoi
540 2137 620 2185 multis
629 2136 767 2199 ignoratur,
789 2147 813 2182 ut
826 2137 964 2187 mirandum
979 2156 1033 2193 nou
1053 2140 1097 2200 iit,

230 2200 378 2250 librariorum
388 2199 503 2250 inscitiam
516 2198 551 2248 illi
562 2200 632 2246 aliam
645 2197 785 2247 substitutae.
803 2203 902 2250 Bouhier.
934 2206 1020 2264 Quum
1034 2204 1098 2255 lorus

230 2263 329 2324 quidam
340 2261 414 2327 propi
424 2262 543 2324 syracusa
555 2261 583 2309 stt
594 2267 726 2315 Temenus,
742 2275 766 2308 ur
779 2261 848 2310 habet
861 2263 1010 2326 Stephanus,
1019 2268 1097 2317 inro-

230 2339 258 2374 ce
269 2329 388 2384 Τίμιιθ,
401 2324 457 2373 inde
467 2326 506 2373 cl.
519 2323 702 2373 Hemlietltufiut
713 2324 767 2372 huic
777 2325 832 2373 loco
850 2326 999 2378 medicinam
1009 2328 1098 2379 facien·

231 2387 289 2437 dam
310 2386 405 2443 censet,
421 2400 447 2435 ut
462 2386 548 2436 lcilicet
565 2388 673 2450 legatur,
698 2392 722 2433 in
740 2391 826 2433 Temeno
844 2391 867 2434 ιη
883 2406 958 2451 rugum
975 2390 1097 2452 effitiatur.

231 2456 303 2515 Ego,
320 2464 344 2498 ut
361 2464 442 2498 vetum
461 2449 559 2505 intent,
593 2464 642 2497 non
653 2450 723 2497 'aliud
744 2451 886 2499 Ciceronem
910 2451 1023 2517 scripisse
1042 2468 1097 2520 ptuo

231 2518 318 2577 quim:
336 2516 414 2574 tAtqut‘
424 2517 447 2559 t'n
456 2512 493 2574 suo
504 2515 578 2560 aaran
589 2528 684 2558 mortuus
694 2508 747 2561 ταῖς
760 2513 866 2567 diarria:
880 2519 903 2562 in
919 2533 994 2578 rogum
1004 2518 1034 2578 est
1049 2520 1107 2566 illa--

231 2591 274 2626 tus.
307 2575 396 2623 Scilicet
406 2574 535 2638 portatilia
544 2576 624 2639 regite,
643 2588 715 2636 quum
727 2587 757 2620 eo
773 2587 881 2637 tempore
898 2575 952 2626 satir
964 2579 1041 2631 client
1055 2594 1097 2629 tro·

232 2653 276 2693 ta,
292 2635 397 2685 adhibuit
408 2639 493 2687 Cicero
504 2651 588 2686 vocem
594 2641 699 2685 Graecam
708 2651 768 2695 ,qua
780 2652 811 2684 ea
822 2639 846 2683 in
858 2639 941 2701 attigua
953 2640 1099 2695 eraotno'toe.
1113 2680 1117 2693 ,

230 2700 313 2749 Postea
325 2701 459 2763 ignorantia
471 2698 631 2755 librariorum,
647 2700 710 2749 male
729 2703 810 2746 Graca
823 2700 1026 2760 describentium,
1042 2708 1097 2757 loco

232 2762 406 2827 corrumpendo
432 2761 513 2812 ausim
533 2762 630 2828 ptaebuit
643 2796 651 2820 ,
678 2776 703 2812 ut
724 2764 749 2811 in
770 2762 850 2811 multis
869 2765 921 2814 aliis
941 2766 977 2817 est
998 2769 1097 2821 fastum.

230 2829 328 2877 Verbttr.

267 2844 398 2946 36.g1nvita
411 2892 433 2935 in
444 2891 481 2935 hur
496 2889 538 2936 Ioco
553 2890 650 2949 vtrfittur
667 2891 753 2946 oratic]
780 2892 856 2936 Invita
872 2905 922 2938 nou
937 2891 1034 2944 videtur
1048 2894 1097 2945 huie·

230 2954 288 3003 loco
298 2952 437 3008 conuenire,
453 2964 526 3014 quum
537 2966 584 2998 vox
595 2964 622 2999 ea
638 2951 728 3014 semper
742 2949 772 2999 de
787 2950 909 3015 personis,
926 2970 1055 3019 uunquam
1071 2958 1097 3008 de

233 3015 300 3067 rebus
322 3015 464 3063 adhibeatur.
498 3019 607 3062 Fraterra
628 3028 676 3061 non
699 3027 780 3076 patet,
796 3018 898 3064 Cottam
912 3018 1018 3069 invitum
1034 3023 1059 3071 in
1073 3035 1097 3070 et

233 3080 342 3128 oratione
356 3076 619 3139 contraprovidcntiam
632 3072 721 3125 versati.
739 3081 759 3125 E
775 3079 895 3127 contrario
913 3094 944 3128 etr
960 3084 1039 3133 animi
1050 3084 1098 3133 ien-

233 3141 309 3192 tentia
320 3141 437 3201 loquitur,
454 3141 479 3187 br
491 3140 551 3186 alios
563 3151 660 3186 conatur
670 3140 694 3187 in
708 3154 761 3187 carn
777 3139 918 3203 pertrahere.
952 3146 1069 3197 Cetetitm
1081 3146 1096 3197 *e

232 3203 380 3263 sequentibus
393 3212 469 3263 patet,
486 3215 540 3249 eunt
556 3198 596 3248 fibi
608 3200 649 3263 ipsi
659 3200 821 3251 difficultatem
838 3218 952 3263 morere,
970 3211 1009 3257 cui
1020 3209 1098 3259 statim

231 3266 279 3334 ipse
289 3263 422 3327 respondet.
456 3268 514 3311 l’uto
524 3266 594 3327 igitur
604 3265 745 3328 legendum,
761 3270 833 3324 inviae
845 3271 869 3314 in
886 3272 922 3314 hoc
937 3271 982 3316 loro
999 3272 1097 3333 versarer

231 3333 316 3383 oratio,
332 3326 415 3381 idest,
431 3340 480 3373 non
492 3325 587 3381 dubito,
604 3329 662 3389 quin
672 3327 756 3381 dieiuti
764 3327 826 3390 fitis,
842 3344 881 3381 nte
893 3331 1010 3384 hocloco
1021 3332 1096 3386 rosa·

232 3391 252 3442 ri
265 3393 290 3441 iu
301 3391 409 3441 oratioue
419 3387 508 3444 odiosa.
542 3391 639 3441 Bouhier.

982 3510 1094 3578 anam
