2296 3908
234 106 317 207 3o4a'
416 104 479 172 De
501 105 701 171 Naruun
722 101 920 168 Daouuru

7 230 22 257 s
115 226 141 279 r.
160 222 188 276 B.
233 214 332 272 molles
347 213 537 274 commissuras
563 216 594 274 bc
624 227 720 280 artus,
740 212 817 270 nullo
838 213 866 270 in
894 221 977 270 motu
998 212 1114 274 laborat,

208 352 210 361 A
235 289 333 366 ltaque
347 291 382 349 ad
396 288 585 368 pingendum,
606 293 641 350 ad
656 288 816 365 fingendum
834 330 842 354 ‚
862 288 897 346 ad
915 289 1111 364 scalpendum,

234 365 270 425 ad
290 384 443 426 nervorum
473 368 624 427 eliciendos
646 367 727 426 sonos
747 384 779 423 ac
807 366 933 423 tibiarum
962 379 1025 439 apta
1052 383 1111 425 maa

235 460 287 501 nus
301 443 355 510 est,
376 445 540 504 admotione
555 444 715 519 digitorum.
747 442 849 518 ‚Atque
869 443 931 500 haec
947 441 1109 502 obleslatio·
1138 482 1142 491 ·

234 521 293 577 tris:
314 520 358 578 illa
372 521 559 588 necessitatis3
580 521 667 578 cultus
691 519 754 577 dico
784 535 912 591 agrorum
948 519 1110 578 exstructio

235 613 341 672 tresque
356 597 513 666 tectorum,
532 610 694 672 tegumenta
715 611 864 668 corporum
889 595 933 652 vel
947 608 1043 662 texta,
1064 595 1107 655 vel

235 669 311 738 suta,
332 687 506 750 omnemque
520 675 650 732 fabricam
665 672 724 729 aeris
745 674 774 729 ἃ
796 671 860 729 ferri
877 690 885 727 r
906 689 940 729 ex
954 689 1012 747 quo
1028 674 1108 730 intel·

195 760 197 765 ·
234 745 327 822 ligitur
341 751 518 817 ,adinventa
534 751 630 808 animo
645 791 652 816 2
673 759 801 824 percepta
822 746 962 816 sensibus,
982 748 1108 808 adhibitis

236 824 370 899 opificum
385 827 510 885 manibus
525 829 620 884 omnia
635 844 686 883 nos
708 823 871 882 consecutos
887 866 896 892 ,
921 836 952 881 ut
966 824 1032 882 tedii
1048 868 1057 893 ,
1077 837 1106 883 ut

86 899 342 979 rposnmusvestiti,
362 914 394 960 ut
406 903 469 961 salvi
485 900 538 960 esse
553 903 565 944 f
571 901 716 976 poffimus;
737 899 834 969 urbes,
855 916 967 969 muros,
986 901 1106 960 dornici-

87 979 165 1029 Lamb.
236 976 288 1046 lia,
309 975 419 1037 delubra
433 980 603 1037 haberemus.

177 1084 227 1149 ¹5¹
274 1055 335 1123 lam
349 1054 417 1112 verb
433 1057 581 1131 soperibus
595 1055 763 1122 hominum,
783 1052 811 1111 id
828 1053 864 1112 eil
892 1051 1035 1122 manibus,
1052 1054 1105 1114 cibi

86 1162 104 1211 g
118 1146 195 1210 operis
236 1129 320 1188 etiam
336 1132 449 1190 varietas
470 1133 609 1190 invenitur
628 1133 763 1206 &copia
802 1131 877 1188 Nam
892 1132 999 1204 &agri
1020 1132 1105 1189 multa

86 1211 155 1260 rdem.
239 1203 353 1265 hstrunt
372 1225 458 1266 manu
478 1207 614 1285 quaesita,
635 1226 698 1284 quae
722 1208 766 1265 vel
788 1206 875 1264 statim
891 1210 1106 1275 consumantur,

86 1271 103 1320 ¹²
119 1269 219 1322 ‘fffflmt
237 1282 284 1339 vel
298 1283 466 1357 mandentur
476 1285 588 1344 condita
603 1284 737 1342 vetustati.
773 1283 809 1340 Et
826 1296 956 1357 praeterea
971 1284 1106 1342 vescimur

87 1334 159 1384 MSS.
237 1355 325 1418 bestiis
339 1362 369 1418 ὃς
382 1363 512 1431 terrenis,
533 1363 562 1419 &
577 1361 755 1436 aquatilibus,
771 1362 800 1417 ὃ(
815 1360 985 1428 volatilibus,
1006 1362 1104 1433 partim

236 1435 388 1509 capiendo,
409 1441 507 1513 partim
524 1439 634 1497 alendo.
672 1436 815 1496 Efficimus
829 1437 912 1494 etiam
926 1436 1038 1494 domitu
1053 1455 1104 1494 no-

123 1570 127 1577 ,
236 1509 291 1569 stro
307 1515 515 1589 quadrupedum
533 1514 675 1572 vedliones
696 1533 704 1572 t
725 1530 845 1588 quorum
867 1513 990 1570 celeritas
1023 1526 1105 1588 atque

137 1618 139 1624 ·
236 1587 277 1650 vis
303 1591 382 1648 nobis
403 1591 463 1665 ipsis
484 1591 562 1650 affert
583 1593 641 1648 vim
670 1589 898 1647 &celeritatem
937 1588 999 1647 Nos
1018 1607 1117 1648 onera.

176 1684 182 1694 ⁶
234 1663 397 1738 quibusdam
414 1669 516 1738 bestiis,
536 1685 587 1726 nos
599 1667 665 1742 juga
681 1667 874 1740 imponimus:
902 1683 953 1722 nos
977 1666 1106 1740 elephan-

234 1747 329 1798 torum
344 1744 499 1802 acutissimis
514 1743 645 1813 sensibus,
666 1761 716 1800 nos
731 1743 872 1816 sagacitate
887 1759 989 1799 canum
1005 1744 1040 1801 ad
1055 1744 1106 1800 uti-

234 1815 340 1875 litatem
355 1821 474 1878 nostram
489 1821 639 1879 abutimur:
662 1838 713 1877 nos
726 1817 741 1876 ὲ
754 1831 833 1874 terrae
856 1819 979 1875 cavernis
999 1819 1101 1877 ferrum

235 1890 375 1963 elicimus,
396 1913 454 1954 rem
470 1897 504 1955 ad
518 1894 650 1954 colendos
664 1912 742 1970 agros
756 1890 947 1951 necessariam:
967 1912 1021 1953 nos
1036 1896 1106 1964 aeris,

152 2030 154 2041 Ι
196 2036 207 2041 ¹,
235 1972 355 2043 argenti,
376 1972 433 2030 auri
449 1990 549 2041 venas,
569 1974 676 2048 penitus
690 1972 808 2038 abditas,
828 1972 1003 2039 invenimus,
1025 1970 1103 2030 &ad

234 2043 312 2105 usum
328 2063 419 2122 aptas,
440 2051 469 2107 &
485 2050 519 2108 ad
533 2062 660 2108 ornatum
676 2047 804 2106 decoras:
828 2047 992 2105 ¹²arborum
1007 2060 1102 2107 autem

233 2123 429 2194 consessione,
450 2127 586 2201 omnique
601 2126 737 2189 materia,
758 2125 788 2181 &
802 2123 897 2188 culta,
918 2125 947 2179 ὅ(
968 2123 1078 2182 filveliri
1095 2167 1103 2192 ‚

84 2212 185 2265 rcatfa·
203 2264 206 2269 p
234 2201 332 2270 partim
348 2201 382 2259 ad
397 2199 628 2260 icalefaciendum
643 2219 741 2275 corpus
757 2242 766 2268 ,
786 2200 842 2273 igni
856 2197 978 2258 adhibito
995 2241 1004 2269 ,
1025 2202 1053 2259 δε
1069 2201 1104 2259 ad

84 2276 163 2328 csend.
174 2275 228 2327 MS.
236 2273 418 2351 mitigandum
436 2278 527 2336 cibum
539 2279 658 2347 utimur,
680 2278 777 2352 partim
793 2275 827 2333 ad
842 2274 1053 2347 aedificandum,
1072 2289 1105 2335 ut

57 2410 61 2425 Ι
236 2349 314 2409 testis
325 2352 392 2428 septi
419 2356 518 2428 frigora
538 2354 696 2430 caloresque
712 2353 851 2427 pellamus.
1146 2400 1148 2410 .

97 2448 99 2453 ⁸
175 2452 228 2512 ¹52
272 2427 393 2502 Magnos
407 2430 476 2488 verb
495 2431 554 2490 usus
573 2431 652 2488 affert
677 2430 711 2486 ad
730 2431 839 2502 navigia
859 2429 985 2487 facienda
1003 2471 1012 2499 ‚
1031 2442 1117 2505 quos

233 2519 294 2561 turn
315 2505 432 2565 cursibus
450 2505 654 2581 suppeditantur
680 2523 779 2564 omnes
805 2505 929 2582 undique
955 2506 990 2564 ad
1018 2507 1101 2564 vitatu

99 2592 126 2643 r.
137 2592 212 2644 Lvll.
235 2581 341 2654 copiae:
362 2598 484 2660 quasque
498 2601 540 2641 res
552 2583 756 2641 violentissimas
770 2595 865 2640 natura
872 2581 988 2656 genuit,
1007 2600 1101 2641 earum

237 2657 461 2718 moderationem
477 2677 528 2718 nos
541 2659 590 2719 soli
605 2659 754 2726 habemus;
783 2660 864 2716 maris
898 2670 982 2734 atque
1004 2670 1103 2719 vento·

235 2749 316 2801 rum,
336 2748 448 2809 propter
466 2735 637 2794 nauticarum
657 2753 748 2794 rerum
776 2736 940 2802 scientiam3
969 2735 1105 2808 plurimis·
1146 2777 1148 2804 2

235 2827 292 2885 que
307 2811 449 2868 maritimis
464 2813 542 2869 rebus
563 2813 678 2869 fruimur
705 2825 787 2888 atque
809 2813 920 2869 utimur.
960 2810 1105 2871 Terreno-

234 2903 298 2944 rum
311 2887 380 2944 item
397 2889 615 2947 commodorum
630 2890 722 2947 omnis
737 2888 814 2945 estin
838 2889 954 2945 homine
976 2889 1105 2948 domina·

233 2973 286 3020 tus.
314 2963 385 3021 ·Nos
399 2965 526 3037 campis,
554 2982 605 3023 nos
626 2966 765 3024 montibus
787 2964 925 3021 fruimur:
946 2966 1033 3023 nostri
1046 2965 1105 3026 sunt

234 3052 348 3106 amnes,
368 3040 450 3098 nostri
463 3041 551 3099 lacus:
572 3060 624 3100 nos
643 3043 732 3116 fruges
752 3040 885 3107 serimus,
905 3057 957 3098 nos
978 3042 1103 3103 arbores:

235 3130 288 3174 uos
302 3130 434 3190 aquarum
449 3116 653 3179 inductionibus
666 3119 741 3177 terris
764 3116 975 3175 foecunditatem
989 3117 1103 3179 danius:

1055 3214 1106 3257 not

267 3386 303 3421 ra.
320 3373 515 3428 urrborvmrurenr
526 3379 668 3443 consessione]
697 3340 835 3445 ‘tranenses
851 3371 954 3445 appellat
967 3355 1106 3430 Arilloreles

197 3471 202 3480 .
233 3429 275 3489 lib.
283 3449 302 3488 1.
320 3439 373 3492 rol,
402 3442 475 3505 Urfin.
578 3490 581 3495 .

55 3460 167 3600 q
535 3563 538 3571 Ι
999 3516 1034 3562 η.
1052 3508 1107 3553 Der·
