2296 3908
184 102 190 107 ’
264 128 457 197 brnen
502 131 746 198 narnus.
851 136 934 206 2935

59 242 119 296 lem
133 237 200 298 eleut
212 256 274 299 non
294 241 380 318 digito
400 260 459 301 uno
478 240 630 312 redundat,
649 241 692 301 sed
707 241 812 315 capite,
832 239 926 308 colu,

24 314 35 365 ‘-
59 316 227 386 ceruicibus,
247 318 397 387 lateribus,
416 321 481 377 alvo
499 361 507 388 ,
525 334 628 392 tergo,
648 318 816 394 poplitibus,
837 317 923 375 mani·

58 387 126 459 bus,
145 392 283 467 pedibus,
302 396 473 462 feminibus,
492 396 620 453 cruribus.
660 396 687 452 Si
708 408 737 451 ut
763 392 926 451 immortalis

21 496 27 501 ·
57 462 107 534 fit,
127 471 195 544 quid
209 471 270 527 haec
282 472 318 529 ad
334 472 419 529 vitam
446 475 569 531 membra
590 466 759 545 pertinent?
786 466 852 544 quid
873 466 927 543 ipsa

58 541 144 603 facies
160 544 172 601 ἓ
191 548 276 620 magis
289 547 357 614 illa,
378 548 516 606 cerebrum
534 591 543 616 ,
563 565 611 606 cor
631 589 639 609 .
659 548 822 621 pulmones,
840 546 927 617 Jecur.

58 617 121 677 baec
136 622 211 680 enim
228 621 290 680 sunt
303 635 329 676 4ι
339 624 477 682 domicilia
495 625 569 682 vitae.
606 624 671 682 Oris
684 624 798 699 quidem
819 621 925 679 habitus

60 693 96 753 ad
110 698 176 755 vitae
191 697 350 758 firmitatem
365 701 430 758 nihil
444 703 570 775 pertinet.

99 770 234 832 xxxvl.
254 777 330 832 ²Ar
355 793 420 834 nos
448 776 641 851 vituperabas,
660 776 708 851 qui
736 792 771 833 ex
798 772 924 849 operibus
935 785 988 828 100
1068 835 1071 841 ,

59 849 212 923 magnificis
232 865 315 929 atque
336 853 486 925 praeclaris,
507 853 571 911 clim
586 852 672 927 ipsum
688 849 945 920 mundum,ci1m2
961 849 1045 920 &⁸0⁸

60 923 120 999 ejus
132 927 275 996 membra,
294 929 414 996 caelum,
434 939 532 995 terras,
552 931 660 997 maria,
688 927 808 1004 cumque
822 911 982 986 horum‘⁸²¹⁸·

60 999 174 1076 iusignia
197 1045 205 1071 ,
225 1003 334 1071 solem,
354 1005 449 1063 lunam
476 1005 615 1079 stellasque
637 1002 761 1063 vidissent
776 1031 791 1073 ,1
805 1003 926 1078 cumque

60 1088 221 1152 temporum
246 1081 437 1149 maturitates,
480 1082 646 1139 mutationes
679 1080 927 1153 vicillitudinesque

18 1194 22 1209 .
60 1152 271 1226 cognovissent,
290 1155 409 1228 suspicati
424 1152 510 1216 ell'ent
522 1158 639 1231 aliquam
664 1158 844 1215 excellentem
874 1151 928 1213 esse

59 1230 292 1307 praestantemque
305 1245 449 1299 naturam,
469 1250 533 1310 quae
554 1234 615 1290 ltaec
635 1230 762 1302 feciffet,
782 1243 927 1301 moveret,

59 1320 185 1379 regeret,
203 1309 373 1381 gubernaret.
412 1310 488 1382 Qui,
508 1311 589 1366 etiam
611 1308 631 1367 fi
651 1311 774 1367 aberrant
794 1309 810 1366 l
831 1307 929 1381 conje-

60 1378 137 1439 eluta
154 1424 164 1451 ,
184 1382 266 1441 video
288 1396 383 1442 tamen
406 1385 471 1460 quid
492 1384 645 1460 sequantur.
684 1385 733 1442 Tu
753 1385 829 1459 quod
857 1399 926 1458 opus

59 1457 175 1517 tandem
203 1476 334 1534 magnum
364 1462 547 1537 &egregium
571 1461 675 1527 habes,
695 1461 772 1535 quod
795 1456 926 1517 effetlum

60 1532 157 1591 divina
177 1548 269 1593 mente
296 1535 421 1596 videatur
442 1549 451 1608 ·,
492 1555 527 1594 ex
542 1555 599 1612 quo
621 1533 673 1594 effe
693 1538 759 1594 deos
779 1533 930 1609 suspicere?
974 1537 998 1583 Ρ·
1019 1538 1045 1586 ³·

61 1618 81 1687 ἦ
84 1608 246 1674 Habebam,
265 1612 380 1686 inquis,
405 1615 433 1671 in
456 1616 551 1672 animo
572 1611 678 1671 insitam
701 1609 951 1671 informationem²
965 1596 1051 1674 trabea

61 1683 203 1757 quandam
216 1685 278 1753 dei;
300 1691 330 1746 &
350 1689 451 1746 barbati
473 1690 701 1763 quidem'Jovis‚
721 1687 855 1763 bgaleatae
869 1688 926 1749 Mi·
934 1664 990 1772 {⁰3}
1019 1721 1049 1770 el.

63 1776 168 1818 nervae.
207 1764 284 1821 Num
300 1765 382 1837 igitur
396 1763 449 1822 effe
462 1765 527 1823 tales
543 1763 639 1839 putas?
935 1737 1074 1844 „,j‚{„„t‚

98 1837 216 1912 Quanto
239 1840 335 1898 mellits
355 1842 416 1898 haec
438 1841 532 1915 vulgus
555 1842 743 1914 imperitorum
768 1838 779 1897 ἓ
800 1839 847 1916 qui
869 1858 927 1898 non
941 1867 991 1908 101

58 1913 187 1973 membra
199 1913 287 1976 solun
300 1917 421 1974 hominis
435 1916 489 1973 deo
502 1918 624 1974 tribuunt
640 1959 648 1984 ,
668 1916 712 1974 sel
733 1916 809 1974 usum
841 1919 924 1975 etiam

58 1990 263 2050 membrorum.
301 1991 366 2051 dant
380 1994 453 2049 enim
469 2009 581 2061 arcum,
600 1993 720 2068 sagittas,
741 1993 841 2050 hallam
852 1993 927 2068 ,ely-

58 2081 145 2141 ptum
162 2108 170 2133 ,
191 2065 348 2136 fuscinam,
369 2069 498 2127 fulmen:
544 2070 573 2126 &
594 2067 637 2137 fi,
657 2068 778 2125 aeliones
798 2085 862 2141 quae
878 2068 929 2126 sint

59 2141 199 2208 deorum,
218 2158 277 2201 non
292 2144 402 2213 vident,
422 2145 488 2201 ninil
503 2156 631 2218 agentem
654 2157 747 2201 tamen
770 2144 852 2200 deum
870 2162 930 2203 non

59 2230 170 2291 queunt
184 2219 313 2292 cogitare.
336 2217 402 2294 lpsr,
421 2223 468 2294 qui
485 2221 645 2287 irridentur,
665 2218 809 2295 AEgyptii‚
826 2220 931 2281 nullam

56 2291 172 2353 beluam
192 2334 202 2363 ,
221 2292 271 2351 nifi
291 2294 329 2353 ob
349 2295 465 2371 aliquam
487 2296 654 2364 utilitatem,
681 2314 762 2372 quam
785 2313 819 2353 ex
839 2313 871 2353 ea
886 2312 933 2355 ca·

58 2382 177 2445 petent,
196 2368 433 2434 consecraverunt.
469 2371 592 2435 4²Velut
617 2372 674 2435 ibes
700 2373 850 2433 maximam
871 2374 930 2507 usim

890 2467 932 2511 et·

90 2655 129 2701 ⁴¹·
148 2638 290 2702 bonisilio]
304 2643 341 2692 sie
346 2644 467 2707 eleganter
478 2645 565 2695 Cicero
575 2659 678 2697 voearet
686 2660 749 2708 ,que
756 2645 841 2696 medici
852 2659 931 2695 mem·

57 2703 102 2753 bre
117 2702 199 2752 vitalia
216 2707 362 2763 nominant,
389 2710 414 2757 δι
429 2723 481 2770 quse
500 2710 586 2758 Grecis
604 2717 668 2763 nuta
683 2711 832 2768 nundum,
850 2721 927 2770 partu

57 2767 215 2876 principales,
232 2770 270 2817 vel
282 2769 387 2819 membra
397 2770 535 2833 principalia
544 2771 657 2822 dicuntur.
691 2777 719 2819 ln
733 2769 817 2832 quibus
827 2785 868 2819 eor
879 2784 930 2818 non

70 2829 180 2889 anguinis
191 2830 280 2881 morib.
296 2846 320 2882 ut
334 2834 401 2882 Plato
412 2835 511 2895 inquit,
528 2833 567 2883 sed
583 2836 655 2883 totius
670 2835 722 2881 vita
738 2833 794 2881 fons
810 2833 851 2881 eii.
884 2844 928 2879 nec

59 2893 140 2954 magis
148 2890 203 2940 ideo
219 2893 340 2944 domicilia
356 2897 408 2944 vita
423 2895 550 2952 dicuntur,
572 2897 636 2959 qubd
653 2894 723 2950 larsa,
737 2894 787 2950 sou,
804 2908 829 2943 ut
844 2894 930 2943 medici

58 2953 208 3015 loquuntur,
225 2959 423 3019 σφωινιζὸμνα,
441 2961 514 3008 vitam
525 2959 646 3009 auferunt:
663 2959 736 3020 quim
751 2957 807 3019 quia
823 2956 928 3018 primum

56 3029 89 3063 ex
109 3013 196 3065 semine
210 3033 266 3069 nata
276 3034 317 3084 per
335 3016 439 3084 spiritum
450 3023 547 3072 vitalem
562 3021 598 3071 seu
611 3021 741 3070 animalem
754 3032 834 3068 motus
844 3020 930 3067 volun-

55 3078 132 3127 tarios
148 3080 260 3131 excitant.
292 3089 440 3147 Argumenta
460 3085 508 3133 baec
528 3086 609 3133 sunta
632 3085 733 3146 partium
750 3083 931 3132 enumeratione

56 3140 112 3206 plus
125 3142 198 3204 quini
210 3141 347 3201 neeeli'aria,
364 3161 439 3210 enque
446 3149 569 3209 negantia.
601 3149 716 3194 Betuleius.

89 3222 130 3261 42.
148 3209 208 3252 Velut
222 3210 263 3253 ibet
277 3214 398 3256 maximam
413 3212 469 3266 θα]
501 3210 587 3256 Cicero
606 3211 631 3258 &
650 3210 736 3257 Plinius
758 3208 831 3260 latine
848 3207 933 3271 paritet

53 3264 186 3317 declinant.
198 3272 315 3333 ronipon.
325 3273 389 3321 Mela
400 3275 536 3320 Grecotum
548 3287 614 3321 mure
624 3271 849 3333 impariter.Graecis
859 3272 934 3322 etiarn

55 3326 109 3376 usus
120 3329 218 3385 caribus,
241 3337 345 3382 Socrates
358 3335 419 3398 apud
432 3335 491 3385 Plat.
505 3334 600 3383 Phaedto
613 3349 706 3389 narrat,
722 3334 783 3384 banc
793 3336 875 3384 nlitem
885 3334 934 3382 dae·

55 3393 127 3442 moni
144 3394 223 3443 'rbeut
234 3395 322 3446 laetam
333 3397 359 3445 in
371 3402 474 3462 AEgypto
484 3395 538 3449 else.
556 3398 614 3447 Plio.
624 3398 666 3449 lib.
679 3412 703 3448 x.
718 3412 769 3457 cap.
778 3407 815 3448 28.
829 3405 932 3445 luvocanr

53 3457 314 3547 ἀνηγμϋμυίω
328 3473 400 3513 contra
410 3463 546 3573 [egenum
552 3464 681 3572 afflatorum,
698 3461 725 3515 er
736 3464 845 3523 Qrmicr'
855 3463 933 3570 Aer&
