2296 3908
248 148 437 214 hinnu
481 147 819 214 Sucunuus.
889 141 970 223 2963

95 274 154 319 non
176 269 208 317 ut
229 258 286 337 ipse
309 256 434 337 repetille
455 258 589 318 videatur.
628 257 656 315 Si
677 258 777 326 enim,
797 256 912 332 inquit,
932 252 972 312 est

95 336 199 422 aliquid
214 336 243 395 in
266 353 357 397 rerum
379 347 500 404 natura,
520 333 597 412 quod
618 332 742 393 hominis
768 350 871 401 mens,
890 327 970 408 quod

93 423 165 469 rano
183 455 192 481 ,
212 413 290 489 quod
312 415 377 482 vis,
396 411 475 489 quod
496 411 612 487 potestas
633 411 756 469 bumana
778 408 887 467 efficere
907 414 968 465 n'on

92 487 194 563 poffit:
213 490 250 548 est
264 488 339 549 certe
353 488 399 559 id,
421 487 498 564 quod
512 486 579 549 illud
595 486 679 544 efficit
694 528 703 554 ,
728 486 847 544 bomine
861 483 970 542 melius.

45 608 53 619 ,
91 564 184 641 Atqui
195 582 237 627 tes
264 564 409 634 caelestes,
440 580 595 640 omnesque
610 580 678 632 eae,
710 579 828 639 quarum
844 561 882 618 est
896 558 968 618 ordo

91 638 274 717 sempitemur
291 682 301 713 ,
319 642 353 701 ab
368 641 488 701 homine
502 638 605 699 confici
618 656 677 698 non
690 637 809 714 possunt.
835 636 969 712 elligitur

92 714 141 787 id,
160 736 220 795 quo
232 718 277 777 illa
291 716 501 784 conficiuntur,
526 715 646 776 homine
667 714 774 773 melius.
813 714 846 773 ld
871 725 968 771 autem

112 794 160 853 uid
183 796 276 871 potius
296 794 395 855 dixeris
413 793 501 870 qu‘am
528 790 642 853 deum?
670 793 776 863 etenim
804 791 824 850 sr
846 788 884 849 dii
905 806 967 849 non

91 810 170 939 lunt,
190 870 257 948 quid
271 869 324 930 elle
338 870 428 948 potest
440 872 470 930 in
483 887 575 929 rerum
598 876 694 928 natura
713 867 831 927 homine
846 862 967 924 melius?

90 945 119 1005 in
136 962 173 1005 eo
187 950 263 1007 enim
278 947 338 1006 solo
353 949 423 1007 ratio
438 947 495 1015 est,
514 946 569 1022 qui
583 945 651 1004 nibil
664 944 753 1018 potest
767 941 821 1002 elle
835 942 965 1020 pracllau-

89 1022 153 1081 tius.
189 1022 358 1083 Elleautem
373 1024 540 1093 hominem,
578 1021 608 1079 ui
621 1020 689 1079 nihil
702 1020 731 1078 in
753 1022 834 1080 omni
856 1018 964 1077 mundo

54 1146 60 1165 ,
90 1098 191 1159 melius
210 1098 265 1160 effe
290 1100 376 1178 quim
391 1100 418 1159 se
432 1111 537 1177 putet,
558 1041 712 1173 lefipientis
730 1095 895 1174 arrogantiae
915 1095 963 1154 est.

90 1172 117 1233 E
148 1176 220 1235 oest
236 1176 339 1255 aliquid
351 1177 458 1235 melius.

141 1252 152 1267 '
190 1253 273 1329 igitur
285 1252 415 1330 profesto
431 1252 507 1312 deus.
546 1251 593 1311 lln
607 1250 700 1321 verb,
720 1251 740 1311 sr
761 1251 879 1311 domum
900 1266 958 1309 ma·
972 1272 1004 1330 17

87 1342 172 1401 gnam
200 1331 380 1407 pulcrumque
402 1330 532 1398 videris,
574 1348 635 1390 non
655 1329 737 1406 poffis
757 1328 885 1397 adduci,
910 1338 959 1393 ut,

89 1402 174 1463 etiam
196 1405 216 1465 fi
237 1406 387 1465 dominum
416 1424 476 1464 non
496 1406 614 1473 videas,
656 1404 815 1464 somuribus
836 1404 910 1463 illam
931 1406 962 1462 &
1057 1446 1064 1461 .

88 1480 210 1541 mullelis
222 1481 387 1542 aedificatam
402 1493 497 1555 putes:
517 1493 626 1541 tantum
641 1482 710 1543 verb
731 1494 860 1540 ornatum
876 1499 961 1540 mun·

88 1555 134 1625 di,
153 1568 260 1618 tantam
281 1561 440 1618 varietatem
474 1559 743 1635 pulcritudinemque
764 1575 856 1616 rerum
878 1558 961 1616 caele·

54 1706 57 1711 Ι
87 1630 195 1703 ilium,
228 1647 332 1695 tantam
355 1637 416 1694 uim
443 1636 473 1694 δι
495 1635 717 1711 magnitudinem
748 1635 829 1693 maris
873 1649 958 1710 atque
999 1645 1024 1694 Ρ.
1044 1648 1071 1695 n.

86 1720 246 1781 terrarum,
265 1711 286 1771 fi
305 1724 386 1771 tuum
413 1729 446 1769 ac
467 1729 525 1770 non
549 1714 667 1771 deorum
687 1711 888 1770 immortalium
904 1713 958 1770 do·

88 1787 224 1847 micilium
239 1800 334 1863 putes,
354 1805 451 1847 nonne
465 1786 545 1864 plane
560 1788 682 1865 desipere
696 1787 808 1847 videare
824 1786 836 1845 l
856 1789 903 1846 An
919 1805 956 1846 ne

86 1860 142 1921 hoc
156 1864 272 1941 quidem
285 1864 485 1940 intelligimus,
512 1867 610 1923 omnia
629 1864 723 1939 supera
743 1862 796 1922 elle
818 1862 956 1923 meliora?

84 1948 186 1999 terram
201 1952 296 1999 autem
310 1939 364 2001 elle
377 1942 521 2010 infimam,
540 1959 624 2018 quam
634 1941 802 1999 craffiffimus
815 1942 979 2057 <trimum-2
997 1944 1096 1995 circum·
1120 1984 1126 1993 .

85 2015 185 2075 fundat
199 2016 267 2076 ae'r?
287 2030 318 2076 ut
331 2021 368 2077 ob
383 2036 445 2077 eam
458 2017 543 2093 ipsam
557 2017 684 2086 caulam,
701 2017 876 2093 quodetiam
892 2020 953 2093 qui·
982 2020 1006 2057 ²¹1
1022 2011 1104 2070 namu

84 2090 201 2151 busdam
223 2094 380 2169 regionibus
411 2105 494 2170 atque
509 2094 617 2152 urbibus
632 2096 794 2168 contingere
807 2093 953 2164 videmus,

80 2166 227 2227 hebetiora
240 2169 335 2229 utsrnt
347 2170 499 2229 hominum
514 2172 624 2245 ingenia
640 2182 752 2245 propter
765 2169 826 2227 caeli
847 2170 955 2245 plenio-

79 2260 143 2303 rem
158 2256 285 2305 naturam
294 2246 367 2315 ,boc
380 2246 455 2306 idem
466 2250 561 2320 generi
573 2248 697 2307 humano
714 2246 854 2315 evenerit,
874 2245 953 2321 q'ubd

80 2320 111 2409 iu
115 2330 216 2455 1terra,
233 2320 292 2381 hoc
305 2321 397 2391 est,in
410 2322 562 2381 craffiffima
576 2324 691 2398 regione
706 2322 804 2382 mundi
814 2364 823 2392 ,
832 2322 953 2382 colloca-

78 2408 101 2457 tl
127 2408 180 2456 lnt.
505 2409 510 2420 ‘

118 2472 158 2532 Et
171 2485 266 2533 tamen
280 2492 315 2533 ex
327 2474 382 2551 ipsa
396 2474 670 2535 hominumsollertia
685 2472 738 2534 elle
745 2474 864 2553 aliquam
874 2486 1001 2547 men-18

77 2562 159 2618 tem,
179 2552 211 2609 δι
232 2566 295 2609 eam
338 2551 431 2609 uidem
447 2554 582 2611 acriorem
603 2552 782 2621 &divinam
800 2552 953 2612 existimare

78 2624 227 2685 debemus.
265 2568 349 2687 Unle
376 2630 453 2687 enim
481 2629 554 2687 hanc
575 2629 667 2688 bomo
696 2628 836 2703 arripuit?
863 2642 893 2689 ut
915 2632 954 2689 ait

70 2714 108 2758 ·3¹
119 2700 196 2781 apud
208 2702 429 2781 Xenophontem
445 2704 578 2765 Socrates.
616 2706 694 2781 Quin
710 2706 739 2766 &
753 2707 953 2775 humorem&

904 2800 952 2843 ca·

87 2994 91 3002 ’
108 2998 148 3039 3⁰·
167 2986 484 3047 Maihreamevmatleb's.]
501 2995 537 3038 lta
555 2990 613 3039 Pall.
630 2993 656 3041 bc
670 2991 860 3045 viuoriteditio.
883 2995 950 3057 aliu,

71 3046 191 3107 mustellis.
209 3048 280 3111 quod·
285 3050 371 3112 placuit
382 3051 527 3106 Gulielmio‚
541 3057 650 3117 capitque
662 3070 706 3118 pro
716 3055 814 3102 mandris
820 3059 950 3123 spoliansque

65 3110 214 3173 ponenrofis:
229 3111 293 3159 unde
304 3114 378 3162 Plauti
391 3114 534 3171 Mostellaria.
551 3130 575 3164 ar
592 3132 638 3181 ego
650 3120 780 3181 acceperim
792 3134 835 3183 pro
846 3123 950 3173 animal·

71 3174 136 3223 culis
147 3175 173 3223 in
185 3173 297 3223 domibus
308 3176 476 3228 oberrantibus.
509 3183 596 3230 Grarfr.

108 3252 147 3291 ιι.
164 3238 239 3301 Apud
251 3244 406 3303 Xenophontem
417 3244 532 3300 sarrana]
558 3241 650 3291 nlarsus
661 3242 718 3291 dicit
729 3244 754 3291 in
771 3248 950 3298 commentariis

71 3298 127 3348 lm
136 3296 192 3351 effe.
226 3300 288 3349 Slco
305 3303 359 3352 inor
376 3303 408 3350 ‘rac'
424 3306 652 3361 ἀπομνημονεύματα
667 3307 795 3361 nominat,
817 3310 860 3360 ‘teir
874 3311 952 3359 tlnouc·

74 3360 186 3417 randum
203 3318 308 3413 fortallll
330 3367 429 3414 nomine
451 3367 597 3418 admonitus.
630 3374 657 3415 ln
679 3383 761 3417 eorum
778 3372 843 3419 enim
869 3387 889 3423 ι.
907 3374 948 3424 lib.

74 3428 189 3474 socnam
200 3426 308 3489 praclarb
320 3428 350 3476 de
364 3428 513 3492 providencia
526 3432 572 3479 Dei
587 3428 676 3479 disserit
690 3465 697 3487 ,
722 3446 823 3494 eamque
839 3434 951 3484 lmencis

70 3488 189 3581 butun
203 3489 335 3555 pallantis
350 3506 391 3556 per
410 3495 527 3604 analIngj}
540 3506 709 3606 lligrl'llllllum
726 3494 889 3546 Aristodemus
898 3513 950 3569 non

158 3594 161 3599 .
686 3573 697 3613 ι
925 3576 965 3610 m·
