2296 3908
201 132 776 203 er'srsrcuuous.
854 149 933 217 3041

57 239 236 303 'consolamur
249 240 383 311 albidus,
402 240 456 300 hac
470 238 633 299 deducimus
647 241 805 316 perterritos
818 238 835 298 d
849 241 936 303 timo·

56 336 106 389 re,
126 319 179 379 hac
193 319 337 394 gestientes
351 318 565 393 comprimimus
585 359 595 385 ,
629 318 683 376 hac
705 317 866 393 cupiditates
884 321 954 406 ira·c
970 357 1019 408 hec
1035 357 1071 409 vi·

56 395 230 472 cundiasque
251 395 451 471 restinguimus.
488 395 550 451 baec
569 411 622 452 nor
641 395 730 468 juris,
756 394 869 469 legum,
889 413 1086 471 nitentum·-

54 471 136 531 bium
152 471 283 531 societate
297 471 423 531 devinxit
439 491 447 530 t
466 470 549 529 ehaec
574 469 664 529 avita
686 472 805 530 immani
826 473 855 529 ὅ(
878 473 1059 537 seranam‘ase

55 548 217 626 segregavit
943 550 1025 609 Davus

97 627 149 685 Ad
162 625 241 685 usum
255 637 350 684 autem
381 624 514 684 orationis
539 623 698 684 incredibile
719 624 780 695 eli,
806 623 857 684 nisr
878 624 1002 685 dili-¹49

77 715 158 761 enter
172 701 344 771 attendetis,
372 716 473 777 quanta
495 719 580 775 opera
602 703 758 760 machinata
780 713 874 760 natura
895 701 937 761 srt.

56 720 185 839 irimbm
206 779 283 837 enim
306 778 322 836 a
341 778 518 854 pulmonibus
539 780 635 836 arteria
655 796 743 853 usque
764 778 799 837 ad
820 797 851 836 os
872 780 937 837 inti·

59 873 143 915 mum
167 856 308 931 pertinet:
328 865 399 930 rper
425 871 510 931 quarn
530 870 605 925 vox,
619 853 817 930 principium&
839 868 937 914 mente

62 932 195 1001 ducens,
235 932 383 1008 percipitur
417 932 446 988 δε
468 928 599 989 funditur.
639 930 750 990 Deinde
771 932 800 989 in
820 949 870 989 ore
891 931 939 990 sita

62 1008 157 1085 lingua
174 1007 228 1078 est,
248 1008 325 1066 finita
339 1007 474 1067 dentibus.
500 1007 540 1064 Ea
555 1023 658 1065 vocem
673 1006 859 1066 immoderati
873 1026 937 1083 pro·
1085 1060 1089 1067 .

60 1086 149 1145 fusam
175 1083 302 1161 fingit&
320 1086 466 1143 terminat:
493 1081 508 1124 <l
534 1101 579 1141 uae
600 1083 682 1142 sonos
704 1085 782 1143 vocis
797 1083 962 1144 disttnrtosr
978 1093 1063 1143 sonor-

64 1158 95 1222 &
128 1158 210 1221 relius
224 1160 325 1230 efficit,
345 1160 410 1220 cirm
426 1163 457 1219 &
470 1160 505 1219 ad
514 1101 640 1232 (dentes,
660 1163 689 1218 &
711 1161 745 1219 ad
765 1161 828 1218 alias
850 1160 1070 1235 partesquelocis

63 1257 83 1315 p
119 1240 140 1297 it
153 1239 217 1298 oris.
256 1238 354 1315 Itaque
368 1237 464 1314 pleslri
480 1236 596 1295 similem
608 1237 731 1312 linguam
754 1237 838 1295 nostri
850 1238 938 1297 solent
949 1222 1023 1270 Lm*-
1040 1233 1079 1269 't‘

64 1315 174 1375 dicere:
194 1314 362 1374 chordarum
378 1316 492 1380 dentes,
515 1324 629 1372 ¹0nares
642 1313 769 1372 cornibus
783 1313 832 1383 iis,
854 1326 877 1357 ¹¹
888 1285 1080 1408 quiffiissm‘

67 1390 104 1451 ad
118 1408 222 1450 nervos
236 1391 364 1450 resonant
377 1392 406 1450 in
420 1389 552 1449 cantibus.

104 1466 171 1526 LX.
189 1469 304 1542 Quin
326 1466 428 1526 vnub
461 1480 535 1542 aptas
568 1483 709 1543 quamque
727 1467 876 1525 multarum
900 1485 940 1526 ar·
954 1485 1008 1539 150

66 1544 142 1603 tium
156 1542 287 1601 ministras
300 1561 398 1602 manus
412 1555 507 1602 natura
522 1544 632 1601 homini
647 1543 768 1605 ededit!
790 1543 963 1619 digitorume
979 1540 1044 1591 dedit
1055 1544 1094 1600 ΦΣ

66 1620 149 1680 enim
170 1619 321 1680 cunttadlio
358 1620 443 1680 facilis
487 1620 628 1698 facilisque
647 1618 811 1696 ponceio,
830 1606 1062 1756 ppppfigffiist‘·

98 1916 128 1961 9.-
141 1906 183 1952 Per
191 1918 257 1969 quarte
266 1921 312 1951 vore
319 1906 448 1967 principium
459 1906 473 1953 i
484 1918 552 1955 mente
562 1907 638 1955 ducens
650 1909 767 1969 percipitur
782 1906 808 1959 d*
817 1906 943 1968 funditur]

65 1968 161 2019 vocem
171 1966 186 2015 i
195 1980 277 2016 mente
287 1967 339 2016 duci
356 1969 505 2019 Platonicum
515 1972 544 2018 ab
558 1971 629 2019 initio
645 1969 737 2034 dogma
752 1970 805 2018 suit.
838 1973 904 2018 Nam
917 1986 943 2020 ut

65 2030 205 2081 llntarcbur
220 2031 246 2078 in
266 2030 359 2079 Placitis
375 2032 445 2082 refert
461 2067 469 2090 ,
495 2034 533 2081 ele
554 2038 618 2087 pusii
633 2032 729 2093 ὁρίζεται
744 2032 835 2081 renitere
849 2035 888 2083 utu*
905 2040 945 2084 ςέ-

66 2101 159 2154 praee&
177 2093 222 2142 aei
236 2096 330 2146 uerita:
344 2096 444 2154 sipulum.
478 2096 504 2143 &
515 2093 562 2157 ipse
572 2094 627 2144 sane
640 2096 708 2143 Plato
718 2095 779 2143 inter
789 2096 876 2143 mentis
886 2098 947 2145 diae·

67 2160 177 2220 pirrum
196 2170 283 2205 vocem
303 2169 430 2215 numerat,
462 2158 488 2204 in
505 2159 606 2206 Timeo.
641 2162 694 2206 Hoc
714 2157 770 2206 verb
792 2155 881 2220 dogma
901 2156 946 2221 ipsi

67 2219 145 2269 etiam
160 2220 233 2269 Stoici
247 2219 352 2282 amplexi
368 2219 441 2268 sunt:
461 2218 594 2269 discernunt
604 2232 685 2268 tamen
702 2220 764 2269 inter
779 2218 908 2268 animalem
919 2223 947 2271 δι

69 2281 205 2333 humanam
234 2295 328 2332 rocem.
361 2287 427 2332 Nam
452 2283 575 2349 Diogenes
600 2282 743 2346 Babylonius
765 2283 807 2344 (ut
833 2283 948 2333 citatura

69 2344 184 2408 naenia)
200 2344 255 2405 {aas
271 2347 313 2403 nte
329 2345 366 2397 'scu
389 2346 462 2403 puri,
479 2349 520 2411 elie
536 2345 579 2395 ὑπὸ
595 2345 659 2407 ὄρμῖιε
675 2347 834 2407 rrrrrusppairre
847 2346 948 2405 despuere

69 2410 95 2457 dl
120 2408 169 2458 iste
188 2407 317 2468 ἴναρθρΘ,
342 2406 381 2457 urei
408 2409 453 2456 sirei
473 2404 569 2463 sterilae
592 2408 758 2464 instruerentur,
791 2406 854 2469 Quid
880 2408 949 2474 qubd

70 2469 160 2521 medici
174 2482 272 2534 qnoque
282 2471 308 2519 in
318 2467 362 2518 suis
372 2469 550 2520 definitionibus
561 2470 677 2521 deliniunt
693 2472 757 2527 iuuit
768 2474 801 2521 eu*
810 2472 950 2532 ἡγεμονικοῦ.

71 2531 144 2597 Apud
159 2533 277 2582 Plutarch.
293 2532 385 2582 additur
396 2536 469 2584 etiam
484 2549 515 2584 er
532 2535 638 2584 Platonis
652 2534 784 2592 sententia,
809 2535 902 2584 ratione
922 2537 950 2585 δι

71 2598 155 2647 anima
171 2596 302 2645 carentium
317 2611 402 2646 vocem
422 2601 599 2660 sarmarum
613 2612 699 2646 vocem
710 2597 771 2654 dici,
787 2610 814 2646 nt
829 2595 880 2646 sunt
891 2616 947 2660 χρο-

13 2666 19 2673 “
71 2660 187 2721 peruteruoi
204 2658 244 2708 ueri
258 2659 331 2722 piper.
364 2659 478 2710 Ceterum
493 2661 532 2710 eir
549 2663 613 2712 narie
627 2662 721 2724 proprie
733 2673 788 2709 eam
799 2661 949 2709 articulatam

73 2722 127 2784 (erle
141 2720 249 2784 irupdpor)
266 2722 293 2775 ὥς
313 2722 452 2782 φωτΙξουσαν
464 2723 491 2772 ui
508 2717 615 2780 rar'pemor.
633 2726 746 2772 betuleius.
763 2728 819 2772 Vox
831 2726 950 2785 percipitur

72 2784 168 2834 ridetur
178 2782 221 2833 hle
231 2800 281 2833 non
292 2783 358 2847 posse
370 2784 439 2842 ferri,
454 2797 480 2834 ur
491 2785 554 2834 reste
564 2785 695 2835 observarit
707 2783 823 2834 Davisius.
856 2790 952 2850 Legen-

74 2847 226 2920 dnnritaque
236 2846 313 2896 censet
325 2881 333 2898 ,
346 2850 474 2911 periissem,
489 2846 555 2911 quod
565 2864 615 2897 non
628 2851 781 2906 condemnat
798 2846 838 2898 sed
852 2851 951 2913 precipi-

14 2908 30 2961 '.
74 2924 139 2959 rarae
160 2923 239 2959 ananus
256 2908 342 2960 recedit
359 2911 486 2961 ilesiione
501 2911 605 2975 vulgata.
626 2915 725 2963 Bouhier.

111 2986 149 3021 to.
166 2975 375 3031 tenerioribus,
390 2977 447 3036 ire]
464 2978 513 3024 Cur
523 2991 574 3022 non
589 2974 669 3032 dixit,
684 2992 744 3024 nares
759 2991 867 3033 cornuum,
876 2992 950 3024 eorum

10 3044 26 3077 u
76 3037 123 3090 &a
140 3048 200 3084 nam
214 3034 332 3086 debebant
348 3039 421 3086 etiarn
437 3038 585 3090 sevissem·
608 3038 717 3104 deinceps
732 3038 846 3101 consequi
861 3036 953 3089 fimilea

10 3104 32 3141 Ι
76 3098 162 3151 nstra:
180 3101 278 3161 linguam
295 3101 371 3163 plesiri
384 3101 497 3160 fimilem:
519 3102 664 3156 chordarum,
696 3104 795 3150 deurer‘s:
825 3106 895 3150 nareis
905 3120 955 3150 cer·

10 3170 44 3231 a!
77 3178 246 3220 nmmum,
261 3164 307 3216 dre.
323 3161 451 3212 Notandus
462 3164 533 3224 igitur
542 3164 622 3221 locus,
638 3167 701 3223 euius
718 3163 821 3214 similem
840 3179 880 3213 me
891 3164 954 3230 apud

10 3234 45 3273 net
75 3228 172 3277 Luctct.
186 3226 285 3290 reperire
296 3229 322 3276 se
333 3240 417 3276 notare
426 3227 546 3284 memini,
562 3227 603 3277 lib.
611 3244 644 3279 tv.
663 3227 702 3278 sub
711 3243 771 3279 exer.
802 3231 901 3276 Lambin.

10 3289 45 3339 sie,
110 3304 149 3339 rr.
165 3289 376 3353 Qidadneeves,
392 3293 452 3349 ire]
482 3292 519 3340 Sic
535 3290 623 3340 habene
638 3306 723 3341 omnes
741 3291 798 3342 libb.
815 3294 841 3341 δι
857 3287 955 3341 Mffi&

10 3342 45 3403 tud
74 3350 197 3417 impressi:
213 3366 287 3415 quate
298 3354 359 3404 nihil
369 3353 509 3404 mutandum
521 3372 529 3412 3
545 3354 601 3405 cnm
612 3353 737 3418 prasertim
749 3353 876 3406 Priscianus
885 3352 956 3401 relle-

10 3412 43 3473 tfl.
73 3426 126 3472 tur,
142 3418 180 3464 bie
195 3433 284 3473 cemus,
298 3435 357 3475 nur,
381 3419 407 3467 iri
424 3433 478 3483 gen.
494 3416 565 3469 masc.
579 3420 605 3468 δι
620 3422 657 3465 hoc
673 3435 777 3481 cerrum,
793 3437 842 3476 nu,
856 3414 958 3465 indecli-

37 3476 41 3487 “
72 3477 189 3535 numer
204 3476 341 3545 usurpatum
350 3478 555 3537 esseirereribus.
589 3483 691 3536 umbra,

10 3534 43 3609 sl
496 3546 676 3598 restitute
849 3552 886 3591 12.
903 3540 960 3600 aare
